
</collection>
<collection xmlns="http://www.loc.gov/MARC21/slim">
<record>
  <controlfield tag="001">2257308</controlfield>
  <controlfield tag="005">20210326220238.0</controlfield>
  <datafield tag="024" ind1="8" ind2=" ">
    <subfield code="a">oai:cds.cern.ch:2257308</subfield>
    <subfield code="q">cerncds:MEMORIAV</subfield>
  </datafield>
  <datafield tag="041" ind1=" " ind2=" ">
    <subfield code="9">review</subfield>
    <subfield code="a">fre</subfield>
  </datafield>
  <datafield tag="245" ind1=" " ind2=" ">
    <subfield code="a">Seville: CERN Day 3</subfield>
  </datafield>
  <datafield tag="246" ind1=" " ind2=" ">
    <subfield code="a">El Dia del CERN</subfield>
  </datafield>
  <datafield tag="260" ind1=" " ind2=" ">
    <subfield code="c">1992</subfield>
  </datafield>
  <datafield tag="260" ind1=" " ind2=" ">
    <subfield code="9">review</subfield>
    <subfield code="c">1992 0</subfield>
  </datafield>
  <datafield tag="269" ind1=" " ind2=" ">
    <subfield code="c">1992-09-19</subfield>
  </datafield>
  <datafield tag="337" ind1=" " ind2=" ">
    <subfield code="a">Video</subfield>
  </datafield>
  <datafield tag="340" ind1=" " ind2=" ">
    <subfield code="a">U-matic SP</subfield>
  </datafield>
  <datafield tag="340" ind1=" " ind2=" ">
    <subfield code="a">U-matic SP</subfield>
    <subfield code="j">Copy of Betacam</subfield>
  </datafield>
  <datafield tag="340" ind1=" " ind2=" ">
    <subfield code="a">Betacam</subfield>
    <subfield code="j">Master</subfield>
  </datafield>
  <datafield tag="490" ind1=" " ind2=" ">
    <subfield code="a">Event</subfield>
  </datafield>
  <datafield tag="500" ind1=" " ind2=" ">
    <subfield code="a">The video was digitized from its original recording as part of the CERN Digital Memory project</subfield>
  </datafield>
  <datafield tag="500" ind1=" " ind2=" ">
    <subfield code="a">During the curation of digitized tapes and films in 2020, this record was identified with duplicated original medias.</subfield>
  </datafield>
  <datafield tag="508" ind1=" " ind2=" ">
    <subfield code="a">TVR (TSR)</subfield>
  </datafield>
  <datafield tag="514" ind1=" " ind2=" ">
    <subfield code="a">Low RF, noisy picture -  Audio present but not on all channels -  Low RF, noisy picture -  Audio present but not on all channels -  </subfield>
  </datafield>
  <datafield tag="514" ind1=" " ind2=" ">
    <subfield code="a">Low RF, noisy picture -  </subfield>
    <subfield code="8">1</subfield>
  </datafield>
  <datafield tag="514" ind1=" " ind2=" ">
    <subfield code="a">Audio present but not on all channels -  Low RF, noisy picture -  </subfield>
    <subfield code="8">2a</subfield>
  </datafield>
  <datafield tag="514" ind1=" " ind2=" ">
    <subfield code="a">Audio present but not on all channels -  </subfield>
    <subfield code="8">2b</subfield>
  </datafield>
  <datafield tag="518" ind1=" " ind2=" ">
    <subfield code="a">1992-09-19, Seville</subfield>
  </datafield>
  <datafield tag="540" ind1=" " ind2=" ">
    <subfield code="a">TSR</subfield>
  </datafield>
  <datafield tag="542" ind1=" " ind2=" ">
    <subfield code="d">TVR (TSR)</subfield>
    <subfield code="g">1992</subfield>
  </datafield>
  <datafield tag="542" ind1="1" ind2=" ">
    <subfield code="g">1992 0</subfield>
    <subfield code="9">review</subfield>
    <subfield code="d">CERN</subfield>
  </datafield>
  <datafield tag="583" ind1="1" ind2=" ">
    <subfield code="i">CREATE-MARC-run20180620_1003</subfield>
    <subfield code="a">digitized</subfield>
    <subfield code="2">pda</subfield>
    <subfield code="f">CERN Digital Memory Project</subfield>
    <subfield code="k">PICTURAE</subfield>
    <subfield code="u">https://cds.cern.ch/record/2257246</subfield>
    <subfield code="5">SzGeCERN</subfield>
    <subfield code="6">WEEK48-restricted</subfield>
    <subfield code="b">C1V1: Composite\tSignal - U-Matic,\xc2\xa0U-Matic SP,\xc2\xa0VHS, 1 inch C, 1 inch B, Video , Betamax </subfield>
    <subfield code="3"> U-Matic SP </subfield>
    <subfield code="f">restricted</subfield>
    <subfield code="z">
 - VISUAL INSPECTION TABLE of U-Matic SP () true  - 
 - RTI VT 3100 of U-Matic SP () true  - 
 - MAC-V024 of U-Matic SP () true  - 
 - MANUAL QC GEN of U-Matic SP () true  - 
 - FILE_PRESENCE of U-Matic SP () true  - 
 - VISUAL INSPECTION TABLE of U-Matic () true  - 
 - RTI VT 3100 of U-Matic () true  - 
 - MAC-V024 of U-Matic () true Low RF, noisy picture - 
 - MANUAL QC GEN of U-Matic () true Low RF, noisy picture - 
 - MANUAL QC GEN of U-Matic () true  - 
 - FILE_PRESENCE of U-Matic () true  - 
 - VISUAL INSPECTION TABLE of Betacam () true  - 
 - RTI VT 4100 of Betacam () true  - 
 - MAC-V015 of Betacam () true Audio present but not on all channels | Low RF, noisy picture - 
 - MANUAL QC GEN of Betacam () true  - 
 - FILE_PRESENCE of Betacam () true  - 
 - VISUAL INSPECTION TABLE of Betacam () true  - 
 - RTI VT 4100 of Betacam () true  - 
 - MAC-V018 of Betacam () true Audio present but not on all channels - 
 - MANUAL QC GEN of Betacam () true  - 
 - FILE_PRESENCE of Betacam () true  - 
      </subfield>
    <subfield code="x">
 - VISUAL INSPECTION TABLE timing: from 21/11/2017 09:30 to 21/11/2017 09:30 -
 - RTI VT 3100 timing: from 21/11/2017 09:30 to 21/11/2017 09:38 -
 - MAC-V024 timing: from 21/11/2017 10:35 to 21/11/2017 11:04 -
 - MANUAL QC GEN timing: from 21/11/2017 20:13 to 21/11/2017 20:13 -
 - FILE_PRESENCE timing: from 21/11/2017 20:13 to 21/11/2017 20:13 -
 - VISUAL INSPECTION TABLE timing: from 25/10/2017 09:22 to 25/10/2017 09:22 -
 - RTI VT 3100 timing: from 25/10/2017 09:25 to 25/10/2017 10:47 -
 - MAC-V024 timing: from 11/01/2018 20:15 to 11/01/2018 21:21 -
 - MANUAL QC GEN timing: from 11/01/2018 21:21 to 11/01/2018 21:21 -
 - MANUAL QC GEN timing: from 12/01/2018 23:08 to 12/01/2018 23:08 -
 - FILE_PRESENCE timing: from 12/01/2018 23:08 to 12/01/2018 23:08 -
 - VISUAL INSPECTION TABLE timing: from 12/02/2018 15:47 to 12/02/2018 15:47 -
 - RTI VT 4100 timing: from 12/02/2018 15:56 to 12/02/2018 16:23 -
 - MAC-V015 timing: from 15/02/2018 12:04 to 15/02/2018 12:16 -
 - MANUAL QC GEN timing: from 15/02/2018 22:21 to 15/02/2018 22:21 -
 - FILE_PRESENCE timing: from 15/02/2018 22:21 to 15/02/2018 22:21 -
 - VISUAL INSPECTION TABLE timing: from 12/02/2018 15:30 to 12/02/2018 15:30 -
 - RTI VT 4100 timing: from 12/02/2018 15:39 to 13/02/2018 13:29 -
 - MAC-V018 timing: from 14/02/2018 12:37 to 14/02/2018 12:53 -
 - MANUAL QC GEN timing: from 14/02/2018 22:13 to 14/02/2018 22:13 -
 - FILE_PRESENCE timing: from 14/02/2018 22:13 to 14/02/2018 22:13 -
       </subfield>
    <subfield code="c">20180214</subfield>
  </datafield>
  <datafield tag="583" ind1="1" ind2=" ">
    <subfield code="i">CREATE-MARC-run20180622_170346</subfield>
    <subfield code="a">digitized</subfield>
    <subfield code="2">pda</subfield>
    <subfield code="f">CERN Digital Memory Project</subfield>
    <subfield code="k">PICTURAE</subfield>
    <subfield code="u">https://cds.cern.ch/record/2257246</subfield>
    <subfield code="5">SzGeCERN</subfield>
    <subfield code="6">WEEK05-restricted</subfield>
    <subfield code="b">C1V1: Composite\tSignal - U-Matic,\xc2\xa0U-Matic SP,\xc2\xa0VHS, 1 inch C, 1 inch B, Video , Betamax </subfield>
    <subfield code="8">1</subfield>
    <subfield code="3"> U-Matic </subfield>
    <subfield code="f">restricted</subfield>
    <subfield code="z">
 - VISUAL INSPECTION TABLE of U-Matic () true  - 
 - RTI VT 3100 of U-Matic () true  - 
 - MAC-V024 of U-Matic () true Low RF, noisy picture - 
 - MANUAL QC GEN of U-Matic () true Low RF, noisy picture - 
 - MANUAL QC GEN of U-Matic () true  - 
 - FILE_PRESENCE of U-Matic () true  - 
      </subfield>
    <subfield code="x">
 - VISUAL INSPECTION TABLE timing: from 25/10/2017 09:22 to 25/10/2017 09:22 -
 - RTI VT 3100 timing: from 25/10/2017 09:25 to 25/10/2017 10:47 -
 - MAC-V024 timing: from 11/01/2018 20:15 to 11/01/2018 21:21 -
 - MANUAL QC GEN timing: from 11/01/2018 21:21 to 11/01/2018 21:21 -
 - MANUAL QC GEN timing: from 12/01/2018 23:08 to 12/01/2018 23:08 -
 - FILE_PRESENCE timing: from 12/01/2018 23:08 to 12/01/2018 23:08 -
       </subfield>
    <subfield code="c">20180112</subfield>
  </datafield>
  <datafield tag="583" ind1="1" ind2=" ">
    <subfield code="i">CREATE-MARC-run20180622_170412</subfield>
    <subfield code="a">digitized</subfield>
    <subfield code="2">pda</subfield>
    <subfield code="f">CERN Digital Memory Project</subfield>
    <subfield code="k">PICTURAE</subfield>
    <subfield code="u">https://cds.cern.ch/record/2257246</subfield>
    <subfield code="5">SzGeCERN</subfield>
    <subfield code="6">WEEK07-restricted</subfield>
    <subfield code="b">S1V1: SDI Signal - Digital Betacam, Betacam SP, Betacam, Betacam SX, DVCAM, DVCPRO, DV/Mini DV</subfield>
    <subfield code="8">2a</subfield>
    <subfield code="3"> Betacam </subfield>
    <subfield code="f">restricted</subfield>
    <subfield code="z">
 - VISUAL INSPECTION TABLE of Betacam () true  - 
 - RTI VT 4100 of Betacam () true  - 
 - MAC-V015 of Betacam () true Audio present but not on all channels | Low RF, noisy picture - 
 - MANUAL QC GEN of Betacam () true  - 
 - FILE_PRESENCE of Betacam () true  - 
      </subfield>
    <subfield code="x">
 - VISUAL INSPECTION TABLE timing: from 12/02/2018 15:47 to 12/02/2018 15:47 -
 - RTI VT 4100 timing: from 12/02/2018 15:56 to 12/02/2018 16:23 -
 - MAC-V015 timing: from 15/02/2018 12:04 to 15/02/2018 12:16 -
 - MANUAL QC GEN timing: from 15/02/2018 22:21 to 15/02/2018 22:21 -
 - FILE_PRESENCE timing: from 15/02/2018 22:21 to 15/02/2018 22:21 -
       </subfield>
    <subfield code="c">20180215</subfield>
  </datafield>
  <datafield tag="583" ind1="1" ind2=" ">
    <subfield code="i">CREATE-MARC-run20180622_170412</subfield>
    <subfield code="a">digitized</subfield>
    <subfield code="2">pda</subfield>
    <subfield code="f">CERN Digital Memory Project</subfield>
    <subfield code="k">PICTURAE</subfield>
    <subfield code="u">https://cds.cern.ch/record/2257246</subfield>
    <subfield code="5">SzGeCERN</subfield>
    <subfield code="6">WEEK07-restricted</subfield>
    <subfield code="b">S1V1: SDI Signal - Digital Betacam, Betacam SP, Betacam, Betacam SX, DVCAM, DVCPRO, DV/Mini DV</subfield>
    <subfield code="8">2b</subfield>
    <subfield code="3"> Betacam </subfield>
    <subfield code="f">restricted</subfield>
    <subfield code="z">
 - VISUAL INSPECTION TABLE of Betacam () true  - 
 - RTI VT 4100 of Betacam () true  - 
 - MAC-V018 of Betacam () true Audio present but not on all channels - 
 - MANUAL QC GEN of Betacam () true  - 
 - FILE_PRESENCE of Betacam () true  - 
      </subfield>
    <subfield code="x">
 - VISUAL INSPECTION TABLE timing: from 12/02/2018 15:30 to 12/02/2018 15:30 -
 - RTI VT 4100 timing: from 12/02/2018 15:39 to 13/02/2018 13:29 -
 - MAC-V018 timing: from 14/02/2018 12:37 to 14/02/2018 12:53 -
 - MANUAL QC GEN timing: from 14/02/2018 22:13 to 14/02/2018 22:13 -
 - FILE_PRESENCE timing: from 14/02/2018 22:13 to 14/02/2018 22:13 -
       </subfield>
    <subfield code="c">20180214</subfield>
  </datafield>
  <datafield tag="583" ind1=" " ind2=" ">
    <subfield code="a">curation</subfield>
    <subfield code="c">Decembre 2020</subfield>
    <subfield code="8">2a</subfield>
    <subfield code="z"> -Audio: TRUE -Video Signal: TRUE -Multiple: FALSE -Relevant to CERN: TRUE -Action required: To be removed -Duplicate: TRUE</subfield>
  </datafield>
  <datafield tag="583" ind1=" " ind2=" ">
    <subfield code="a">curation</subfield>
    <subfield code="c">Decembre 2020</subfield>
    <subfield code="8">2b</subfield>
    <subfield code="z"> -Audio: TRUE -Video Signal: TRUE -Multiple: FALSE -Relevant to CERN: TRUE -Action required: To be removed -Duplicate: TRUE</subfield>
  </datafield>
  <datafield tag="583" ind1="1" ind2=" ">
    <subfield code="3">Betacam</subfield>
    <subfield code="b"> S1V1 </subfield>
    <subfield code="n">9,63333333333333</subfield>
    <subfield code="o">minutes</subfield>
    <subfield code="8">2a</subfield>
  </datafield>
  <datafield tag="583" ind1="1" ind2=" ">
    <subfield code="3">Betacam</subfield>
    <subfield code="b"> S1V1 </subfield>
    <subfield code="n">13,1566666666667</subfield>
    <subfield code="o">minutes</subfield>
    <subfield code="8">2b</subfield>
  </datafield>
  <datafield tag="583" ind1=" " ind2=" ">
    <subfield code="a">curation</subfield>
    <subfield code="c">Decembre 2020</subfield>
    <subfield code="8">1</subfield>
    <subfield code="z"> -Audio:  -Video Signal:  -Multiple:  -Relevant to CERN: TRUE -Action required: To be removed -Duplicate: TRUE</subfield>
  </datafield>
  <datafield tag="583" ind1=" " ind2=" ">
    <subfield code="a">curation</subfield>
    <subfield code="c">Decembre 2020</subfield>
    <subfield code="8">2a</subfield>
    <subfield code="z"> -Audio:  -Video Signal: TRUE -Multiple:  -Relevant to CERN: TRUE -Action required: To be removed -Duplicate: TRUE</subfield>
  </datafield>
  <datafield tag="583" ind1=" " ind2=" ">
    <subfield code="a">curation</subfield>
    <subfield code="c">Decembre 2020</subfield>
    <subfield code="8">2b</subfield>
    <subfield code="z"> -Audio:  -Video Signal: TRUE -Multiple:  -Relevant to CERN: TRUE -Action required: To be removed -Duplicate: TRUE</subfield>
  </datafield>
  <datafield tag="583" ind1="1" ind2=" ">
    <subfield code="3">U-Matic</subfield>
    <subfield code="b">C1V1</subfield>
    <subfield code="n">34,2</subfield>
    <subfield code="o">minutes</subfield>
    <subfield code="x">Low RF, noisy picture</subfield>
    <subfield code="8">1</subfield>
  </datafield>
  <datafield tag="583" ind1="1" ind2=" ">
    <subfield code="3">Betacam</subfield>
    <subfield code="b"> S1V1 </subfield>
    <subfield code="n">9,63333333333333</subfield>
    <subfield code="o">minutes</subfield>
    <subfield code="x">Low RF, noisy picture</subfield>
    <subfield code="8">2a</subfield>
  </datafield>
  <datafield tag="583" ind1="1" ind2=" ">
    <subfield code="3">Betacam</subfield>
    <subfield code="b"> S1V1 </subfield>
    <subfield code="n">13,1566666666667</subfield>
    <subfield code="o">minutes</subfield>
    <subfield code="x">Audio present but not on all channels</subfield>
    <subfield code="8">2b</subfield>
  </datafield>
  <datafield tag="590" ind1=" " ind2=" ">
    <subfield code="9">review</subfield>
    <subfield code="a">Exposition a S\xc3\xa9ville du Cern, jour 3</subfield>
  </datafield>
  <datafield tag="590" ind1=" " ind2=" ">
    <subfield code="9">review</subfield>
    <subfield code="8">1</subfield>
    <subfield code="a">D\xc3\xa9bat sur la collaboration du Cern avec la Russie</subfield>
  </datafield>
  <datafield tag="590" ind1=" " ind2=" ">
    <subfield code="9">review</subfield>
    <subfield code="8">2a</subfield>
    <subfield code="a">D\xc3\xa9bat et interview \xc3\xa0 S\xc3\xa9ville sur le projet espagnol</subfield>
  </datafield>
  <datafield tag="590" ind1=" " ind2=" ">
    <subfield code="9">review</subfield>
    <subfield code="8">2b</subfield>
    <subfield code="a">Images des spectacles \xc3\xa0 S\xc3\xa9ville</subfield>
  </datafield>
  <datafield tag="594" ind1=" " ind2=" ">
    <subfield code="9">review</subfield>
    <subfield code="a">Footage</subfield>
  </datafield>
  <datafield tag="597" ind1=" " ind2=" ">
    <subfield code="9">review</subfield>
    <subfield code="8">1</subfield>
    <subfield code="a">15:00 arr\xc3\xaat du d\xc3\xa9bat puis spectacles de danse</subfield>
  </datafield>
  <datafield tag="597" ind1=" " ind2=" ">
    <subfield code="9">review</subfield>
    <subfield code="8">2a</subfield>
    <subfield code="a">8:00 arr\xc3\xaat du d\xc3\xa9bat</subfield>
  </datafield>
  <datafield tag="650" ind1="2" ind2="7">
    <subfield code="9">review</subfield>
    <subfield code="a">Outside the lab</subfield>
  </datafield>
  <datafield tag="653" ind1="1" ind2=" ">
    <subfield code="9">CERN</subfield>
  </datafield>
  <datafield tag="653" ind1="1" ind2=" ">
    <subfield code="9">review</subfield>
    <subfield code="a">Seville CERN jour 3</subfield>
  </datafield>
  <datafield tag="653" ind1="1" ind2=" ">
    <subfield code="9">review</subfield>
    <subfield code="a">interview</subfield>
  </datafield>
  <datafield tag="653" ind1="1" ind2=" ">
    <subfield code="9">review</subfield>
    <subfield code="a">acc\xc3\xa9l\xc3\xa9rateur</subfield>
  </datafield>
  <datafield tag="653" ind1="1" ind2=" ">
    <subfield code="9">review</subfield>
    <subfield code="a">exposition</subfield>
  </datafield>
  <datafield tag="653" ind1="1" ind2=" ">
    <subfield code="9">review</subfield>
    <subfield code="a">exp\xc3\xa9rience</subfield>
  </datafield>
  <datafield tag="653" ind1="1" ind2=" ">
    <subfield code="9">review</subfield>
    <subfield code="8">1</subfield>
    <subfield code="a">Debat</subfield>
  </datafield>
  <datafield tag="653" ind1="1" ind2=" ">
    <subfield code="9">review</subfield>
    <subfield code="8">1</subfield>
    <subfield code="a">Seville CERN jour 3</subfield>
  </datafield>
  <datafield tag="653" ind1="1" ind2=" ">
    <subfield code="9">review</subfield>
    <subfield code="8">1</subfield>
    <subfield code="a">collaboration du Cern avec la Russie</subfield>
  </datafield>
  <datafield tag="653" ind1="1" ind2=" ">
    <subfield code="9">review</subfield>
    <subfield code="8">2a</subfield>
    <subfield code="a">Seville CERN jour 3</subfield>
  </datafield>
  <datafield tag="653" ind1="1" ind2=" ">
    <subfield code="9">review</subfield>
    <subfield code="8">2a</subfield>
    <subfield code="a">debat</subfield>
  </datafield>
  <datafield tag="653" ind1="1" ind2=" ">
    <subfield code="9">review</subfield>
    <subfield code="8">2a</subfield>
    <subfield code="a">interview</subfield>
  </datafield>
  <datafield tag="653" ind1="1" ind2=" ">
    <subfield code="9">review</subfield>
    <subfield code="8">2b</subfield>
    <subfield code="a">Seville CERN jour 3</subfield>
  </datafield>
  <datafield tag="653" ind1="1" ind2=" ">
    <subfield code="9">review</subfield>
    <subfield code="8">2b</subfield>
    <subfield code="a">spectacles</subfield>
  </datafield>
  <datafield tag="653" ind1="1" ind2=" ">
    <subfield code="9">review</subfield>
    <subfield code="8">2b</subfield>
    <subfield code="a">danse</subfield>
  </datafield>
  <datafield tag="653" ind1="1" ind2=" ">
    <subfield code="9">review</subfield>
    <subfield code="8">2b</subfield>
    <subfield code="a">culture</subfield>
  </datafield>
  <datafield tag="690" ind1="C" ind2=" ">
    <subfield code="a">movingimages</subfield>
  </datafield>
  <datafield tag="690" ind1="C" ind2=" ">
    <subfield code="9">CERN QA</subfield>
    <subfield code="a">quality-controlled</subfield>
  </datafield>
  <datafield tag="690" ind1="C" ind2=" ">
    <subfield code="9">review</subfield>
    <subfield code="a">reviewed</subfield>
  </datafield>
  <datafield tag="852" ind1=" " ind2=" ">
    <subfield code="a">698</subfield>
    <subfield code="c">CM-A00000062</subfield>
    <subfield code="x">U-matic SP</subfield>
  </datafield>
  <datafield tag="852" ind1=" " ind2=" ">
    <subfield code="a">698</subfield>
    <subfield code="c">CM-A00000064</subfield>
    <subfield code="t">1</subfield>
    <subfield code="x">U-matic SP</subfield>
  </datafield>
  <datafield tag="852" ind1=" " ind2=" ">
    <subfield code="8">a</subfield>
    <subfield code="a">698</subfield>
    <subfield code="c">CM-A00000065</subfield>
    <subfield code="t">2</subfield>
  </datafield>
  <datafield tag="852" ind1=" " ind2=" ">
    <subfield code="8">b</subfield>
    <subfield code="a">698</subfield>
    <subfield code="c">CM-A00000065</subfield>
    <subfield code="t">2</subfield>
    <subfield code="x">Betacam</subfield>
  </datafield>
  <datafield tag="856" ind1="4" ind2=" ">
    <subfield code="2">EOS</subfield>
    <subfield code="q">MP4</subfield>
    <subfield code="u">https://cern.ch/digital-memory/media-archive/video/cern/mp4/2257308.mp4</subfield>
    <subfield code="s">166324995</subfield>
    <subfield code="y">Video-2257308</subfield>
    <subfield code="z">mp4 video format (640x360)</subfield>
    <subfield code="w">(PICTURAE:MD5)ac_C1V1_2257308.mp4;52dc2514700b71b7a1a57de78f5dcc12</subfield>
  </datafield>
  <datafield tag="856" ind1="7" ind2=" ">
    <subfield code="2">EOS</subfield>
    <subfield code="q">MKV</subfield>
    <subfield code="d">/eos/media/cds/public/www/digital-memory/media-archive/video/cern/mkv/2257308.mkv</subfield>
    <subfield code="s">13316178615</subfield>
    <subfield code="w">(PICTURAE:MD5)pm_C1V1_2257308.mkv;ec2df41006a3f82a0376dac71aa699d3</subfield>
  </datafield>
  <datafield tag="856" ind1="7" ind2=" ">
    <subfield code="2">EOS</subfield>
    <subfield code="q">MOV</subfield>
    <subfield code="d">/eos/media/cds/public/www/digital-memory/media-archive/video/cern/mov/2257308.mov</subfield>
    <subfield code="s">4130077143</subfield>
    <subfield code="w">(PICTURAE:MD5)am_C1V1_2257308.mov;dd2766a6861294debea1674433ff4e35</subfield>
  </datafield>
  <datafield tag="856" ind1="4" ind2=" ">
    <subfield code="2">EOS</subfield>
    <subfield code="q">MP4</subfield>
    <subfield code="u">https://cern.ch/digital-memory/media-archive/video/cern/mp4/2257308-1.mp4</subfield>
    <subfield code="s">324238122</subfield>
    <subfield code="y">Video-2257308-1</subfield>
    <subfield code="z">mp4 video format (640x360)</subfield>
    <subfield code="w">(PICTURAE:MD5)ac_C1V1_2257308-1.mp4;99a6101628c7651f340e75039711f32b</subfield>
    <subfield code="8">1</subfield>
  </datafield>
  <datafield tag="856" ind1="7" ind2=" ">
    <subfield code="2">EOS</subfield>
    <subfield code="q">MKV</subfield>
    <subfield code="d">/eos/media/cds/public/www/digital-memory/media-archive/video/cern/mkv/2257308-1.mkv</subfield>
    <subfield code="s">25625019162</subfield>
    <subfield code="w">(PICTURAE:MD5)pm_C1V1_2257308-1.mkv;25e4c3f3f6bd354e69e4244961ea26dd</subfield>
    <subfield code="8">1</subfield>
  </datafield>
  <datafield tag="856" ind1="7" ind2=" ">
    <subfield code="2">EOS</subfield>
    <subfield code="q">MOV</subfield>
    <subfield code="d">/eos/media/cds/public/www/digital-memory/media-archive/video/cern/mov/2257308-1.mov</subfield>
    <subfield code="s">8018413158</subfield>
    <subfield code="w">(PICTURAE:MD5)am_C1V1_2257308-1.mov;4c0c91a8cbed5ce9d131804ecf7cd0e9</subfield>
    <subfield code="8">1</subfield>
  </datafield>
  <datafield tag="856" ind1="4" ind2=" ">
    <subfield code="2">EOS</subfield>
    <subfield code="q">MP4</subfield>
    <subfield code="u">https://cern.ch/digital-memory/media-archive/video/cern/mp4/2257308-2a.mp4</subfield>
    <subfield code="s">91561710</subfield>
    <subfield code="y">Video-2257308-2a</subfield>
    <subfield code="z">mp4 video format (640x360)</subfield>
    <subfield code="w">(PICTURAE:MD5)ac_S1V1_2257308-2a.mp4;3dfbe098037d70decf51ebaa9cf62a85</subfield>
    <subfield code="8">2a</subfield>
  </datafield>
  <datafield tag="856" ind1="7" ind2=" ">
    <subfield code="2">EOS</subfield>
    <subfield code="q">MKV</subfield>
    <subfield code="d">/eos/media/cds/public/www/digital-memory/media-archive/video/cern/mkv/2257308-2a.mkv</subfield>
    <subfield code="s">8426104853</subfield>
    <subfield code="w">(PICTURAE:MD5)pm_S1V1_2257308-2a.mkv;7e13740274f355b301c0fe639f088334</subfield>
    <subfield code="8">2a</subfield>
  </datafield>
  <datafield tag="856" ind1="7" ind2=" ">
    <subfield code="2">EOS</subfield>
    <subfield code="q">MOV</subfield>
    <subfield code="d">/eos/media/cds/public/www/digital-memory/media-archive/video/cern/mov/2257308-2a.mov</subfield>
    <subfield code="s">2271003662</subfield>
    <subfield code="w">(PICTURAE:MD5)am_S1V1_2257308-2a.mov;28284bb0d0ea432b9fa86d2d7374ddb6</subfield>
    <subfield code="8">2a</subfield>
  </datafield>
  <datafield tag="856" ind1="4" ind2=" ">
    <subfield code="2">EOS</subfield>
    <subfield code="q">MP4</subfield>
    <subfield code="u">https://cern.ch/digital-memory/media-archive/video/cern/mp4/2257308-2b.mp4</subfield>
    <subfield code="s">125182555</subfield>
    <subfield code="y">Video-2257308-2b</subfield>
    <subfield code="z">mp4 video format (640x360)</subfield>
    <subfield code="w">(PICTURAE:MD5)ac_S1V1_2257308-2b.mp4;1c3d5a12c6c95dcb7c28d75aeef8cd5d</subfield>
    <subfield code="8">2b</subfield>
  </datafield>
  <datafield tag="856" ind1="7" ind2=" ">
    <subfield code="2">EOS</subfield>
    <subfield code="q">MKV</subfield>
    <subfield code="d">/eos/media/cds/public/www/digital-memory/media-archive/video/cern/mkv/2257308-2b.mkv</subfield>
    <subfield code="s">10848208169</subfield>
    <subfield code="w">(PICTURAE:MD5)pm_S1V1_2257308-2b.mkv;79596a1961a29c389a5b89f4406197b3</subfield>
    <subfield code="8">2b</subfield>
  </datafield>
  <datafield tag="856" ind1="7" ind2=" ">
    <subfield code="2">EOS</subfield>
    <subfield code="q">MOV</subfield>
    <subfield code="d">/eos/media/cds/public/www/digital-memory/media-archive/video/cern/mov/2257308-2b.mov</subfield>
    <subfield code="s">3079207783</subfield>
    <subfield code="w">(PICTURAE:MD5)am_S1V1_2257308-2b.mov;5b6f81c29152538e348968c06e4b807f</subfield>
    <subfield code="8">2b</subfield>
  </datafield>
  <datafield tag="960" ind1=" " ind2=" ">
    <subfield code="a">85</subfield>
  </datafield>
  <datafield tag="960" ind1=" " ind2=" ">
    <subfield code="a">200</subfield>
  </datafield>
  <datafield tag="961" ind1=" " ind2=" ">
    <subfield code="a">Tom Barth\xc3\xa9l\xc3\xa9my</subfield>
    <subfield code="b">Curator</subfield>
    <subfield code="x">2021-03-01</subfield>
  </datafield>
  <datafield tag="961" ind1=" " ind2=" ">
    <subfield code="a">Marina Savino</subfield>
    <subfield code="b">Curator</subfield>
    <subfield code="x">2021-03-01</subfield>
  </datafield>
  <datafield tag="963" ind1=" " ind2=" ">
    <subfield code="a">PRIVATE</subfield>
  </datafield>
  <datafield tag="963" ind1=" " ind2=" ">
    <subfield code="9">review</subfield>
    <subfield code="a">RESTRICTED</subfield>
  </datafield>
  <datafield tag="980" ind1=" " ind2=" ">
    <subfield code="a">VIDEOARC</subfield>
  </datafield>
</record>