
</collection>
<collection xmlns="http://www.loc.gov/MARC21/slim">
<record>
  <controlfield tag="001">2256882</controlfield>
  <controlfield tag="005">20221102233406.0</controlfield>
  <datafield tag="024" ind1="8" ind2=" ">
    <subfield code="a">oai:cds.cern.ch:2256882</subfield>
    <subfield code="p">cerncds:TALK</subfield>
    <subfield code="q">cerncds:MEMORIAV</subfield>
  </datafield>
  <datafield tag="041" ind1=" " ind2=" ">
    <subfield code="a">eng</subfield>
  </datafield>
  <datafield tag="110" ind1=" " ind2=" ">
    <subfield code="a">CERN. Geneva</subfield>
  </datafield>
  <datafield tag="111" ind1=" " ind2=" ">
    <subfield code="9">2017-03-22T11:30:00</subfield>
    <subfield code="a">IML Machine Learning Workshop</subfield>
    <subfield code="c">CERN - 222-R-001 - Filtration Plant</subfield>
    <subfield code="g">595059c14</subfield>
    <subfield code="z">2017-03-22T12:00:00</subfield>
  </datafield>
  <datafield tag="245" ind1=" " ind2=" ">
    <subfield code="a">Deep Convolutional Networks for Event Reconstruction and Particle Tagging on NOvA and DUNE</subfield>
  </datafield>
  <datafield tag="260" ind1=" " ind2=" ">
    <subfield code="c">2017</subfield>
  </datafield>
  <datafield tag="269" ind1=" " ind2=" ">
    <subfield code="c">2017-03-22</subfield>
  </datafield>
  <datafield tag="300" ind1=" " ind2=" ">
    <subfield code="a">Streaming video</subfield>
  </datafield>
  <datafield tag="337" ind1=" " ind2=" ">
    <subfield code="a">Video</subfield>
  </datafield>
  <datafield tag="340" ind1=" " ind2=" ">
    <subfield code="a">Streaming video</subfield>
  </datafield>
  <datafield tag="340" ind1=" " ind2=" ">
    <subfield code="a">DVCAM</subfield>
  </datafield>
  <datafield tag="490" ind1=" " ind2=" ">
    <subfield code="a">Machine Learning</subfield>
  </datafield>
  <datafield tag="490" ind1=" " ind2=" ">
    <subfield code="a">IML Machine Learning Workshop</subfield>
  </datafield>
  <datafield tag="500" ind1=" " ind2=" ">
    <subfield code="a">The video was digitized from its original recording as part of the CERN Digital Memory project</subfield>
  </datafield>
  <datafield tag="518" ind1=" " ind2=" ">
    <subfield code="d">2017-03-22T11:30:00</subfield>
  </datafield>
  <datafield tag="520" ind1=" " ind2=" ">
    <subfield code="a">&lt;!--HTML-->Deep Convolutional Neural Networks (CNNs) have been widely applied in computer vision to solve complex problems in image recognition and analysis. In recent years many efforts have emerged to extend the use of this technology to HEP applications, including the Convolutional Visual Network (CVN), our implementation for identification of neutrino events. In this presentation I will describe the core concepts of CNNs, the details of our particular implementation in the Caffe framework and our application to identify NOvA events. NOvA is a long baseline neutrino experiment whose main goal is the measurement of neutrino oscillations. This relies on the accurate identification and reconstruction of the neutrino flavor in the interactions we observe. In 2016 the NOvA experiment released results for the observation of oscillations in the \xce\xbd \xce\xbc \xe2\x86\x92 \xce\xbd e channel, the first HEP result employing CNNs. I will also discuss our approach at event identification on NOvA as well as recent developments in the application of CNNs for particle tagging at NOvA, event identification at DUNE and other ongoing work.</subfield>
  </datafield>
  <datafield tag="542" ind1=" " ind2=" ">
    <subfield code="d">CERN</subfield>
    <subfield code="g">2017</subfield>
  </datafield>
  <datafield tag="583" ind1="1" ind2=" ">
    <subfield code="2">pda</subfield>
    <subfield code="3">DVCAM</subfield>
    <subfield code="5">SzGeCERN</subfield>
    <subfield code="a">digitized</subfield>
    <subfield code="b">S1V1: SDI Signal - Digital Betacam, Betacam SP, Betacam, Betacam SX, DVCAM, DVCPRO, DV/Mini DV</subfield>
    <subfield code="c">20170807</subfield>
    <subfield code="f">CERN Digital Memory Project</subfield>
    <subfield code="f">public</subfield>
    <subfield code="i">CREATE-MARC-run20180515_1114</subfield>
    <subfield code="k">PICTURAE</subfield>
    <subfield code="u">https://cds.cern.ch/record/2257246</subfield>
    <subfield code="x">- VISUAL INSPECTION TABLE timing: from 19/07/2017 09:56 to 19/07/2017 09:56 -
 - RTI VT 5100 timing: from 19/07/2017 10:57 to 19/07/2017 10:57 -
 - MAC-V701 timing: from 07/08/2017 11:33 to 07/08/2017 11:33 -
 - MANUAL QC GEN timing: from 07/08/2017 11:34 to 07/08/2017 11:34 -</subfield>
    <subfield code="z">- VISUAL INSPECTION TABLE of DVCAM (Sony) true  - 
 - RTI VT 5100 of DVCAM (Sony) true  - 
 - MAC-V701 of DVCAM (Sony) true Audio present but not on all channels | Noisy / Saturated audio - 
 - MANUAL QC GEN of DVCAM (Sony) true  -</subfield>
  </datafield>
  <datafield tag="595" ind1=" " ind2=" ">
    <subfield code="a">Pilote PICTURAE</subfield>
  </datafield>
  <datafield tag="650" ind1="1" ind2="7">
    <subfield code="a">Machine Learning</subfield>
  </datafield>
  <datafield tag="650" ind1="2" ind2="7">
    <subfield code="a">Event</subfield>
  </datafield>
  <datafield tag="690" ind1="C" ind2=" ">
    <subfield code="a">TALK</subfield>
  </datafield>
  <datafield tag="690" ind1="C" ind2=" ">
    <subfield code="a">CERN</subfield>
  </datafield>
  <datafield tag="690" ind1="C" ind2=" ">
    <subfield code="a">movingimages</subfield>
  </datafield>
  <datafield tag="700" ind1=" " ind2=" ">
    <subfield code="a">Psihas, Fernanda</subfield>
    <subfield code="e">speaker</subfield>
    <subfield code="u">Indiana University</subfield>
  </datafield>
  <datafield tag="852" ind1=" " ind2=" ">
    <subfield code="9">Guess</subfield>
    <subfield code="a">698</subfield>
    <subfield code="c">CM-A00000068</subfield>
    <subfield code="x">DVCAM</subfield>
  </datafield>
  <datafield tag="856" ind1="4" ind2=" ">
    <subfield code="u">https://indico.cern.ch/event/595059/contributions/2497381/</subfield>
    <subfield code="y">Talk details</subfield>
  </datafield>
  <datafield tag="856" ind1="4" ind2=" ">
    <subfield code="u">https://indico.cern.ch/event/595059/</subfield>
    <subfield code="y">Event details</subfield>
  </datafield>
  <datafield tag="856" ind1="4" ind2=" ">
    <subfield code="2">EOS</subfield>
    <subfield code="q">MP4</subfield>
    <subfield code="s">203296883</subfield>
    <subfield code="u">https://cern.ch/digital-memory/media-archive/video/mp4/2256882.mp4</subfield>
    <subfield code="w">(PICTURAE:MD5)ac_S1V1_2256882.mp4;5d3a40ebaa0eb8b2b71837df7da3cb35</subfield>
    <subfield code="y">Video-2256882</subfield>
    <subfield code="z">mp4 video format (640x360)</subfield>
  </datafield>
  <datafield tag="856" ind1="7" ind2=" ">
    <subfield code="2">MediaArchive</subfield>
    <subfield code="d">\\\\cern.ch\\dfs\\Services\\MediaArchive\\Video\\Masters\\WebLectures\\2017\\595059c14</subfield>
    <subfield code="x">Absolute master path</subfield>
  </datafield>
  <datafield tag="856" ind1="7" ind2=" ">
    <subfield code="2">MediaArchive</subfield>
    <subfield code="u">http://mediaarchive.cern.ch/MediaArchive/Video/Public/WebLectures/2017/595059c14/595059c14_desktop_camera_360p_800.mp4</subfield>
    <subfield code="x">mp4camera</subfield>
    <subfield code="y">camera 800 kbps 640x360 25 fps audio 96 kbps 44100 Hz stereo</subfield>
  </datafield>
  <datafield tag="856" ind1="7" ind2=" ">
    <subfield code="2">MediaArchive</subfield>
    <subfield code="u">http://mediaarchive.cern.ch/MediaArchive/Video/Public/WebLectures/2017/595059c14/595059c14_desktop_slides_360p_800.mp4</subfield>
    <subfield code="x">mp4slides</subfield>
    <subfield code="y">slides 800 kbps 480x360 10 fps audio 96 kbps 44100 Hz stereo</subfield>
  </datafield>
  <datafield tag="856" ind1="7" ind2=" ">
    <subfield code="2">MediaArchive</subfield>
    <subfield code="u">http://mediaarchive.cern.ch/MediaArchive/Video/Public/WebLectures/2017/595059c14/595059c14_desktop_slides_480p_1000.mp4</subfield>
    <subfield code="x">mp4slides</subfield>
    <subfield code="y">slides 1000 kbps 640x480 10 fps audio 96 kbps 44100 Hz stereo</subfield>
  </datafield>
  <datafield tag="856" ind1="7" ind2=" ">
    <subfield code="2">MediaArchive</subfield>
    <subfield code="u">http://mediaarchive.cern.ch/MediaArchive/Video/Public/WebLectures/2017/595059c14/595059c14_desktop_slides_720p_2000.mp4</subfield>
    <subfield code="x">mp4slides</subfield>
    <subfield code="y">slides 2000 kbps 960x720 10 fps audio 96 kbps 44100 Hz stereo</subfield>
  </datafield>
  <datafield tag="856" ind1="7" ind2=" ">
    <subfield code="2">MediaArchive</subfield>
    <subfield code="u">http://mediaarchive.cern.ch/MediaArchive/Video/Public/WebLectures/2017/595059c14/595059c14_mobile_360p_800.mp4</subfield>
    <subfield code="x">mp4mobile</subfield>
    <subfield code="y">mobile 800 kbps 640x360 25 fps audio 96 kbps 44100 Hz stereo</subfield>
  </datafield>
  <datafield tag="856" ind1="7" ind2=" ">
    <subfield code="2">MediaArchive</subfield>
    <subfield code="u">http://mediaarchive.cern.ch/MediaArchive/Video/Public/WebLectures/2017/595059c14/thumbs/20170322110342.png</subfield>
    <subfield code="x">pngthumbnail</subfield>
    <subfield code="y">thumbnail weblecture</subfield>
  </datafield>
  <datafield tag="856" ind1="7" ind2=" ">
    <subfield code="2">EOS</subfield>
    <subfield code="d">/eos/media/cds/public/www/digital-memory/media-archive/video/mkv/2256882.mkv</subfield>
    <subfield code="q">MKV</subfield>
    <subfield code="s">13017672232</subfield>
    <subfield code="w">(PICTURAE:MD5)pm_S1V1_2256882.mkv;961146d113c1f2dfde84c3020d41cf12</subfield>
  </datafield>
  <datafield tag="856" ind1="7" ind2=" ">
    <subfield code="2">EOS</subfield>
    <subfield code="d">/eos/media/cds/public/www/digital-memory/media-archive/video/mov/2256882.mov</subfield>
    <subfield code="q">MOV</subfield>
    <subfield code="s">5140711434</subfield>
    <subfield code="w">(PICTURAE:MD5)am_S1V1_2256882.mov;49acffd2ae1652b0e5bbef513985a4f6</subfield>
  </datafield>
  <datafield tag="859" ind1=" " ind2=" ">
    <subfield code="f">sergei.gleyzer@cern.ch</subfield>
  </datafield>
  <datafield tag="961" ind1=" " ind2=" ">
    <subfield code="c">2017-03-06T23:34:06</subfield>
    <subfield code="x">2016-12-13T09:14:51</subfield>
  </datafield>
  <datafield tag="963" ind1=" " ind2=" ">
    <subfield code="a">PUBLIC</subfield>
  </datafield>
  <datafield tag="970" ind1=" " ind2=" ">
    <subfield code="a">INDICO.595059c14</subfield>
  </datafield>
  <datafield tag="980" ind1=" " ind2=" ">
    <subfield code="a">Indico</subfield>
    <subfield code="b">SSW</subfield>
  </datafield>
</record>