
</collection>
<collection xmlns="http://www.loc.gov/MARC21/slim">
<record>
  <controlfield tag="001">2256680</controlfield>
  <controlfield tag="005">20230713110117.0</controlfield>
  <datafield tag="024" ind1="8" ind2=" ">
    <subfield code="a">oai:cds.cern.ch:2256680</subfield>
    <subfield code="p">cerncds:MEMORIAV</subfield>
  </datafield>
  <datafield tag="041" ind1=" " ind2=" ">
    <subfield code="9">review</subfield>
    <subfield code="a">fre</subfield>
  </datafield>
  <datafield tag="245" ind1=" " ind2=" ">
    <subfield code="a">Conf\xc3\xa9rence de Georges Charpak destin\xc3\xa9 aux \xc3\xa9tudiants \xc3\xa0 Grenoble, France</subfield>
  </datafield>
  <datafield tag="260" ind1=" " ind2=" ">
    <subfield code="c">1993</subfield>
  </datafield>
  <datafield tag="260" ind1=" " ind2=" ">
    <subfield code="8">1</subfield>
    <subfield code="9">review Mar2021</subfield>
    <subfield code="c">1993</subfield>
  </datafield>
  <datafield tag="269" ind1=" " ind2=" ">
    <subfield code="c">1993-2-5</subfield>
  </datafield>
  <datafield tag="337" ind1=" " ind2=" ">
    <subfield code="a">Video</subfield>
  </datafield>
  <datafield tag="340" ind1=" " ind2=" ">
    <subfield code="a">U-matic SP</subfield>
  </datafield>
  <datafield tag="340" ind1=" " ind2=" ">
    <subfield code="a">Betacam SP</subfield>
  </datafield>
  <datafield tag="500" ind1=" " ind2=" ">
    <subfield code="a">The video was digitized from its original recording as part of the CERN Digital Memory project</subfield>
  </datafield>
  <datafield tag="511" ind1="1" ind2=" ">
    <subfield code="8">1</subfield>
    <subfield code="9">review</subfield>
    <subfield code="a">Georges Charpak</subfield>
  </datafield>
  <datafield tag="511" ind1="1" ind2=" ">
    <subfield code="8">2b</subfield>
    <subfield code="9">review</subfield>
    <subfield code="a">Georges Charpak</subfield>
  </datafield>
  <datafield tag="511" ind1="1" ind2=" ">
    <subfield code="8">2c</subfield>
    <subfield code="9">review</subfield>
    <subfield code="a">Georges Charpak</subfield>
  </datafield>
  <datafield tag="511" ind1="1" ind2=" ">
    <subfield code="8">2</subfield>
    <subfield code="9">review</subfield>
    <subfield code="a">Georges Charpak</subfield>
  </datafield>
  <datafield tag="511" ind1="1" ind2=" ">
    <subfield code="8">1</subfield>
    <subfield code="9">review Mar2021</subfield>
    <subfield code="a">Charpak, Georges</subfield>
  </datafield>
  <datafield tag="514" ind1=" " ind2=" ">
    <subfield code="a">Low RF, noisy picture -</subfield>
  </datafield>
  <datafield tag="514" ind1=" " ind2=" ">
    <subfield code="a">Low RF, noisy picture -  Audio present but not on all channels -  Audio present but not on all channels -  Audio present but not on all channels -  Low RF, noisy picture -</subfield>
  </datafield>
  <datafield tag="514" ind1=" " ind2=" ">
    <subfield code="8">2b</subfield>
    <subfield code="a">Audio present but not on all channels -</subfield>
  </datafield>
  <datafield tag="514" ind1=" " ind2=" ">
    <subfield code="8">2c</subfield>
    <subfield code="a">Audio present but not on all channels -</subfield>
  </datafield>
  <datafield tag="514" ind1=" " ind2=" ">
    <subfield code="8">2d</subfield>
    <subfield code="a">Audio present but not on all channels -</subfield>
  </datafield>
  <datafield tag="520" ind1=" " ind2=" ">
    <subfield code="8">1</subfield>
    <subfield code="9">review Mar2021</subfield>
    <subfield code="a">Georges Charpak, speach in from of students, Grenoble: biography, physics, energy, Universe, physics discoveries, inventions of detectors, Willson chamber, bubble chamber, multiwire proportional chamber of Charpak, starts at 2mn29sc</subfield>
  </datafield>
  <datafield tag="520" ind1=" " ind2=" ">
    <subfield code="8">2b</subfield>
    <subfield code="9">review Mar2021</subfield>
    <subfield code="a">Georges Charpak, speach in from of students, Grenoble: inventions of detectors, Willson chamber, spark chamber, bubble chamber, multiwire proportional chamber of Charpak, Q/A sessions</subfield>
  </datafield>
  <datafield tag="520" ind1=" " ind2=" ">
    <subfield code="8">2c</subfield>
    <subfield code="9">review Mar2021</subfield>
    <subfield code="a">Georges Charpak, speach in from of students, Grenoble: motivation to create detectors, Q/A sessions</subfield>
  </datafield>
  <datafield tag="520" ind1=" " ind2=" ">
    <subfield code="8">2d</subfield>
    <subfield code="9">review Mar2021</subfield>
    <subfield code="a">Georges Charpak, speach in from of students, Grenoble: Q/A sessions</subfield>
  </datafield>
  <datafield tag="542" ind1=" " ind2=" ">
    <subfield code="d">CERN</subfield>
  </datafield>
  <datafield tag="542" ind1=" " ind2=" ">
    <subfield code="a">Cern</subfield>
  </datafield>
  <datafield tag="542" ind1="1" ind2=" ">
    <subfield code="9">review</subfield>
    <subfield code="d">CERN</subfield>
    <subfield code="g">1993 0</subfield>
  </datafield>
  <datafield tag="542" ind1="1" ind2=" ">
    <subfield code="9">review Mar2021</subfield>
    <subfield code="d">Unknown</subfield>
  </datafield>
  <datafield tag="583" ind1="1" ind2=" ">
    <subfield code="2">pda</subfield>
    <subfield code="3">U-Matic SP</subfield>
    <subfield code="5">SzGeCERN</subfield>
    <subfield code="6">WEEK48-public</subfield>
    <subfield code="8">1</subfield>
    <subfield code="a">digitized</subfield>
    <subfield code="b">C1V1: Composite\tSignal - U-Matic,\xc2\xa0U-Matic SP,\xc2\xa0VHS, 1 inch C, 1 inch B, Video , Betamax</subfield>
    <subfield code="c">20171121</subfield>
    <subfield code="f">CERN Digital Memory Project</subfield>
    <subfield code="f">public</subfield>
    <subfield code="i">CREATE-MARC-run20180620_1014</subfield>
    <subfield code="k">PICTURAE</subfield>
    <subfield code="u">https://cds.cern.ch/record/2257246</subfield>
    <subfield code="x">- VISUAL INSPECTION TABLE timing: from 21/11/2017 10:51 to 21/11/2017 10:51 -
 - RTI VT 3100 timing: from 21/11/2017 10:51 to 21/11/2017 11:10 -
 - MAC-V024 timing: from 21/11/2017 11:39 to 21/11/2017 12:45 -
 - MANUAL QC GEN timing: from 21/11/2017 23:15 to 21/11/2017 23:15 -
 - FILE_PRESENCE timing: from 21/11/2017 23:15 to 21/11/2017 23:15 -</subfield>
    <subfield code="z">- VISUAL INSPECTION TABLE of U-Matic SP () true  - 
 - RTI VT 3100 of U-Matic SP () true  - 
 - MAC-V024 of U-Matic SP () true Low RF, noisy picture - 
 - MANUAL QC GEN of U-Matic SP () true  - 
 - FILE_PRESENCE of U-Matic SP () true  -</subfield>
  </datafield>
  <datafield tag="583" ind1="1" ind2=" ">
    <subfield code="2">pda</subfield>
    <subfield code="3">U-Matic SP</subfield>
    <subfield code="5">SzGeCERN</subfield>
    <subfield code="6">WEEK48-public</subfield>
    <subfield code="a">digitized</subfield>
    <subfield code="b">C1V1: Composite\tSignal - U-Matic,\xc2\xa0U-Matic SP,\xc2\xa0VHS, 1 inch C, 1 inch B, Video , Betamax</subfield>
    <subfield code="c">20180214</subfield>
    <subfield code="f">CERN Digital Memory Project</subfield>
    <subfield code="f">public</subfield>
    <subfield code="i">CREATE-MARC-run20180620_1014</subfield>
    <subfield code="k">PICTURAE</subfield>
    <subfield code="u">https://cds.cern.ch/record/2257246</subfield>
    <subfield code="x">- VISUAL INSPECTION TABLE timing: from 21/11/2017 12:04 to 21/11/2017 12:04 -
 - RTI VT 3100 timing: from 21/11/2017 12:04 to 21/11/2017 12:12 -
 - MAC-V022 timing: from 22/11/2017 08:10 to 22/11/2017 09:07 -
 - MANUAL QC GEN timing: from 22/11/2017 22:06 to 22/11/2017 22:06 -
 - FILE_PRESENCE timing: from 22/11/2017 22:06 to 22/11/2017 22:06 -
 - VISUAL INSPECTION TABLE timing: from 21/11/2017 10:51 to 21/11/2017 10:51 -
 - RTI VT 3100 timing: from 21/11/2017 10:51 to 21/11/2017 11:10 -
 - MAC-V024 timing: from 21/11/2017 11:39 to 21/11/2017 12:45 -
 - MANUAL QC GEN timing: from 21/11/2017 23:15 to 21/11/2017 23:15 -
 - FILE_PRESENCE timing: from 21/11/2017 23:15 to 21/11/2017 23:15 -
 - VISUAL INSPECTION TABLE timing: from 12/02/2018 16:32 to 12/02/2018 16:32 -
 - RTI VT 4100 timing: from 12/02/2018 16:32 to 12/02/2018 16:36 -
 - MAC-V015 timing: from 15/02/2018 13:11 to 15/02/2018 13:11 -
 - MANUAL QC GEN timing: from 15/02/2018 23:12 to 15/02/2018 23:12 -
 - FILE_PRESENCE timing: from 15/02/2018 23:12 to 15/02/2018 23:12 -
 - VISUAL INSPECTION TABLE timing: from 12/02/2018 15:20 to 12/02/2018 15:20 -
 - RTI VT 4100 timing: from 12/02/2018 15:46 to 13/02/2018 11:25 -
 - MAC-V018 timing: from 14/02/2018 10:48 to 14/02/2018 11:24 -
 - MANUAL QC GEN timing: from 15/02/2018 03:02 to 15/02/2018 03:02 -
 - FILE_PRESENCE timing: from 15/02/2018 03:02 to 15/02/2018 03:02 -
 - VISUAL INSPECTION TABLE timing: from 12/02/2018 15:29 to 12/02/2018 15:29 -
 - RTI VT 4100 timing: from 12/02/2018 15:39 to 13/02/2018 12:40 -
 - MAC-V017 timing: from 14/02/2018 12:04 to 14/02/2018 12:15 -
 - MANUAL QC GEN timing: from 14/02/2018 22:27 to 14/02/2018 22:27 -
 - FILE_PRESENCE timing: from 14/02/2018 22:27 to 14/02/2018 22:27 -</subfield>
    <subfield code="z">- VISUAL INSPECTION TABLE of U-Matic SP () true  - 
 - RTI VT 3100 of U-Matic SP () true  - 
 - MAC-V022 of U-Matic SP () true Low RF, noisy picture - 
 - MANUAL QC GEN of U-Matic SP () true  - 
 - FILE_PRESENCE of U-Matic SP () true  - 
 - VISUAL INSPECTION TABLE of U-Matic SP () true  - 
 - RTI VT 3100 of U-Matic SP () true  - 
 - MAC-V024 of U-Matic SP () true Low RF, noisy picture - 
 - MANUAL QC GEN of U-Matic SP () true  - 
 - FILE_PRESENCE of U-Matic SP () true  - 
 - VISUAL INSPECTION TABLE of Betacam () true  - 
 - RTI VT 4100 of Betacam () true  - 
 - MAC-V015 of Betacam () true Audio present but not on all channels - 
 - MANUAL QC GEN of Betacam () true  - 
 - FILE_PRESENCE of Betacam () true  - 
 - VISUAL INSPECTION TABLE of Betacam () true  - 
 - RTI VT 4100 of Betacam () true  - 
 - MAC-V018 of Betacam () true Audio present but not on all channels - 
 - MANUAL QC GEN of Betacam () true  - 
 - FILE_PRESENCE of Betacam () true  - 
 - VISUAL INSPECTION TABLE of Betacam () true  - 
 - RTI VT 4100 of Betacam () true  - 
 - MAC-V017 of Betacam () true Audio present but not on all channels - 
 - MANUAL QC GEN of Betacam () true  - 
 - FILE_PRESENCE of Betacam () true  -</subfield>
  </datafield>
  <datafield tag="583" ind1="1" ind2=" ">
    <subfield code="2">pda</subfield>
    <subfield code="3">Betacam</subfield>
    <subfield code="5">SzGeCERN</subfield>
    <subfield code="6">WEEK07-public</subfield>
    <subfield code="8">2b</subfield>
    <subfield code="a">digitized</subfield>
    <subfield code="b">S1V1: SDI Signal - Digital Betacam, Betacam SP, Betacam, Betacam SX, DVCAM, DVCPRO, DV/Mini DV</subfield>
    <subfield code="c">20180215</subfield>
    <subfield code="f">CERN Digital Memory Project</subfield>
    <subfield code="f">public</subfield>
    <subfield code="i">CREATE-MARC-run20180622_170425</subfield>
    <subfield code="k">PICTURAE</subfield>
    <subfield code="u">https://cds.cern.ch/record/2257246</subfield>
    <subfield code="x">- VISUAL INSPECTION TABLE timing: from 12/02/2018 16:32 to 12/02/2018 16:32 -
 - RTI VT 4100 timing: from 12/02/2018 16:32 to 12/02/2018 16:36 -
 - MAC-V015 timing: from 15/02/2018 13:11 to 15/02/2018 13:11 -
 - MANUAL QC GEN timing: from 15/02/2018 23:12 to 15/02/2018 23:12 -
 - FILE_PRESENCE timing: from 15/02/2018 23:12 to 15/02/2018 23:12 -</subfield>
    <subfield code="z">- VISUAL INSPECTION TABLE of Betacam () true  - 
 - RTI VT 4100 of Betacam () true  - 
 - MAC-V015 of Betacam () true Audio present but not on all channels - 
 - MANUAL QC GEN of Betacam () true  - 
 - FILE_PRESENCE of Betacam () true  -</subfield>
  </datafield>
  <datafield tag="583" ind1="1" ind2=" ">
    <subfield code="2">pda</subfield>
    <subfield code="3">Betacam</subfield>
    <subfield code="5">SzGeCERN</subfield>
    <subfield code="6">WEEK07-public</subfield>
    <subfield code="8">2c</subfield>
    <subfield code="a">digitized</subfield>
    <subfield code="b">S1V1: SDI Signal - Digital Betacam, Betacam SP, Betacam, Betacam SX, DVCAM, DVCPRO, DV/Mini DV</subfield>
    <subfield code="c">20180215</subfield>
    <subfield code="f">CERN Digital Memory Project</subfield>
    <subfield code="f">public</subfield>
    <subfield code="i">CREATE-MARC-run20180622_170425</subfield>
    <subfield code="k">PICTURAE</subfield>
    <subfield code="u">https://cds.cern.ch/record/2257246</subfield>
    <subfield code="x">- VISUAL INSPECTION TABLE timing: from 12/02/2018 15:20 to 12/02/2018 15:20 -
 - RTI VT 4100 timing: from 12/02/2018 15:46 to 13/02/2018 11:25 -
 - MAC-V018 timing: from 14/02/2018 10:48 to 14/02/2018 11:24 -
 - MANUAL QC GEN timing: from 15/02/2018 03:02 to 15/02/2018 03:02 -
 - FILE_PRESENCE timing: from 15/02/2018 03:02 to 15/02/2018 03:02 -</subfield>
    <subfield code="z">- VISUAL INSPECTION TABLE of Betacam () true  - 
 - RTI VT 4100 of Betacam () true  - 
 - MAC-V018 of Betacam () true Audio present but not on all channels - 
 - MANUAL QC GEN of Betacam () true  - 
 - FILE_PRESENCE of Betacam () true  -</subfield>
  </datafield>
  <datafield tag="583" ind1="1" ind2=" ">
    <subfield code="2">pda</subfield>
    <subfield code="3">Betacam</subfield>
    <subfield code="5">SzGeCERN</subfield>
    <subfield code="6">WEEK07-public</subfield>
    <subfield code="8">2d</subfield>
    <subfield code="a">digitized</subfield>
    <subfield code="b">S1V1: SDI Signal - Digital Betacam, Betacam SP, Betacam, Betacam SX, DVCAM, DVCPRO, DV/Mini DV</subfield>
    <subfield code="c">20180214</subfield>
    <subfield code="f">CERN Digital Memory Project</subfield>
    <subfield code="f">public</subfield>
    <subfield code="i">CREATE-MARC-run20180622_170425</subfield>
    <subfield code="k">PICTURAE</subfield>
    <subfield code="u">https://cds.cern.ch/record/2257246</subfield>
    <subfield code="x">- VISUAL INSPECTION TABLE timing: from 12/02/2018 15:29 to 12/02/2018 15:29 -
 - RTI VT 4100 timing: from 12/02/2018 15:39 to 13/02/2018 12:40 -
 - MAC-V017 timing: from 14/02/2018 12:04 to 14/02/2018 12:15 -
 - MANUAL QC GEN timing: from 14/02/2018 22:27 to 14/02/2018 22:27 -
 - FILE_PRESENCE timing: from 14/02/2018 22:27 to 14/02/2018 22:27 -</subfield>
    <subfield code="z">- VISUAL INSPECTION TABLE of Betacam () true  - 
 - RTI VT 4100 of Betacam () true  - 
 - MAC-V017 of Betacam () true Audio present but not on all channels - 
 - MANUAL QC GEN of Betacam () true  - 
 - FILE_PRESENCE of Betacam () true  -</subfield>
  </datafield>
  <datafield tag="583" ind1="1" ind2=" ">
    <subfield code="2">pda</subfield>
    <subfield code="5">SzGeCERN</subfield>
    <subfield code="a">digitized</subfield>
    <subfield code="c">202103</subfield>
    <subfield code="f">CERN Digital Memory Project</subfield>
    <subfield code="i">OPEN-REFINE Project Mar2021 New HDD</subfield>
    <subfield code="k">PICTURAE</subfield>
    <subfield code="u">https://cds.cern.ch/record/2257246</subfield>
  </datafield>
  <datafield tag="583" ind1="1" ind2=" ">
    <subfield code="3">U-Matic SP</subfield>
    <subfield code="8">1</subfield>
    <subfield code="b">C1V1</subfield>
    <subfield code="n">62,5333333333333</subfield>
    <subfield code="o">minutes</subfield>
    <subfield code="x">Low RF, noisy picture</subfield>
  </datafield>
  <datafield tag="583" ind1="1" ind2=" ">
    <subfield code="3">Betacam</subfield>
    <subfield code="6">disks/DELIVERY66/EHD-3111</subfield>
    <subfield code="8">2b</subfield>
    <subfield code="b">S1V1</subfield>
    <subfield code="n">34,99</subfield>
    <subfield code="o">minutes</subfield>
    <subfield code="x">Audio present but not on all channels</subfield>
  </datafield>
  <datafield tag="583" ind1="1" ind2=" ">
    <subfield code="3">Betacam</subfield>
    <subfield code="6">disks/DELIVERY66/EHD-3111</subfield>
    <subfield code="8">2c</subfield>
    <subfield code="b">S1V1</subfield>
    <subfield code="n">35,19</subfield>
    <subfield code="o">minutes</subfield>
    <subfield code="x">Audio present but not on all channels</subfield>
  </datafield>
  <datafield tag="583" ind1="1" ind2=" ">
    <subfield code="3">Betacam</subfield>
    <subfield code="6">disks/DELIVERY66/EHD-3111</subfield>
    <subfield code="8">2d</subfield>
    <subfield code="b">S1V1</subfield>
    <subfield code="n">11,2733333333333</subfield>
    <subfield code="o">minutes</subfield>
    <subfield code="x">Audio present but not on all channels</subfield>
  </datafield>
  <datafield tag="583" ind1=" " ind2=" ">
    <subfield code="8">1</subfield>
    <subfield code="a">curation</subfield>
    <subfield code="c">Decembre 2020</subfield>
    <subfield code="z">-Audio: TRUE -Video Signal: TRUE -Multiple:  -Relevant to CERN: TRUE -Duplicate: TRUE</subfield>
  </datafield>
  <datafield tag="583" ind1=" " ind2=" ">
    <subfield code="8">2b</subfield>
    <subfield code="a">curation</subfield>
    <subfield code="c">Decembre 2020</subfield>
    <subfield code="z">-Audio: TRUE -Video Signal: TRUE -Multiple:  -Relevant to CERN: TRUE -Action required: To be removed -Duplicate: TRUE</subfield>
  </datafield>
  <datafield tag="583" ind1=" " ind2=" ">
    <subfield code="8">2c</subfield>
    <subfield code="a">curation</subfield>
    <subfield code="c">Decembre 2020</subfield>
    <subfield code="z">-Audio: TRUE -Video Signal: TRUE -Multiple:  -Relevant to CERN: TRUE -Action required: To be removed -Duplicate: TRUE</subfield>
  </datafield>
  <datafield tag="583" ind1=" " ind2=" ">
    <subfield code="8">2d</subfield>
    <subfield code="a">curation</subfield>
    <subfield code="c">Decembre 2020</subfield>
    <subfield code="z">-Audio: TRUE -Video Signal: TRUE -Multiple:  -Relevant to CERN: TRUE -Action required: To be removed -Duplicate: TRUE</subfield>
  </datafield>
  <datafield tag="590" ind1=" " ind2=" ">
    <subfield code="8">1</subfield>
    <subfield code="9">review</subfield>
    <subfield code="a">Expos\xc3\xa9 de Georges Charpak sur sa vie, les particules, le Cern et la biologie pour des \xc3\xa9tudiants de Grenoble</subfield>
  </datafield>
  <datafield tag="590" ind1=" " ind2=" ">
    <subfield code="9">review</subfield>
    <subfield code="a">Expos\xc3\xa9 de Georges Charpak sur sa vie, les particules, le Cern et la biologie pour des \xc3\xa9tudiants de Grenoble puis questions des \xc3\xa9tudiants</subfield>
  </datafield>
  <datafield tag="594" ind1=" " ind2=" ">
    <subfield code="9">review</subfield>
    <subfield code="a">Conference Speech</subfield>
  </datafield>
  <datafield tag="594" ind1=" " ind2=" ">
    <subfield code="8">1</subfield>
    <subfield code="9">review Mar2021</subfield>
    <subfield code="a">Conference Speech</subfield>
  </datafield>
  <datafield tag="597" ind1=" " ind2=" ">
    <subfield code="8">1</subfield>
    <subfield code="9">review</subfield>
    <subfield code="a">Vid\xc3\xa9o commence \xc3\xa0 2:25</subfield>
  </datafield>
  <datafield tag="597" ind1=" " ind2=" ">
    <subfield code="8">1</subfield>
    <subfield code="9">review Mar2021</subfield>
    <subfield code="a">exceptional speech, starts at 2\'29</subfield>
  </datafield>
  <datafield tag="597" ind1=" " ind2=" ">
    <subfield code="8">2b</subfield>
    <subfield code="9">review Mar2021</subfield>
    <subfield code="a">exceptional speech, (end of 2256680-1 and 2256680)</subfield>
  </datafield>
  <datafield tag="650" ind1="2" ind2="7">
    <subfield code="9">review</subfield>
    <subfield code="a">Portraits of science</subfield>
  </datafield>
  <datafield tag="650" ind1="2" ind2="7">
    <subfield code="9">review Mar2021</subfield>
    <subfield code="a">Portraits of science</subfield>
  </datafield>
  <datafield tag="653" ind1="1" ind2=" ">
    <subfield code="8">1</subfield>
    <subfield code="9">review</subfield>
    <subfield code="a">physicien</subfield>
  </datafield>
  <datafield tag="653" ind1="1" ind2=" ">
    <subfield code="8">1</subfield>
    <subfield code="9">review</subfield>
    <subfield code="a">pion</subfield>
  </datafield>
  <datafield tag="653" ind1="1" ind2=" ">
    <subfield code="8">1</subfield>
    <subfield code="9">review</subfield>
    <subfield code="a">rayon cosmique</subfield>
  </datafield>
  <datafield tag="653" ind1="1" ind2=" ">
    <subfield code="8">1</subfield>
    <subfield code="9">review</subfield>
    <subfield code="a">muon</subfield>
  </datafield>
  <datafield tag="653" ind1="1" ind2=" ">
    <subfield code="8">1</subfield>
    <subfield code="9">review</subfield>
    <subfield code="a">d\xc3\xa9tecteur</subfield>
  </datafield>
  <datafield tag="653" ind1="1" ind2=" ">
    <subfield code="8">1</subfield>
    <subfield code="9">review</subfield>
    <subfield code="a">acc\xc3\xa9l\xc3\xa9rateur</subfield>
  </datafield>
  <datafield tag="653" ind1="1" ind2=" ">
    <subfield code="8">1</subfield>
    <subfield code="9">review</subfield>
    <subfield code="a">chambre \xc3\xa0 \xc3\xa9tincelle</subfield>
  </datafield>
  <datafield tag="653" ind1="1" ind2=" ">
    <subfield code="8">1</subfield>
    <subfield code="9">review</subfield>
    <subfield code="a">relativit\xc3\xa9 restreinte</subfield>
  </datafield>
  <datafield tag="653" ind1="1" ind2=" ">
    <subfield code="8">1</subfield>
    <subfield code="9">review</subfield>
    <subfield code="a">impulsion</subfield>
  </datafield>
  <datafield tag="653" ind1="1" ind2=" ">
    <subfield code="8">1</subfield>
    <subfield code="9">review</subfield>
    <subfield code="a">biologie</subfield>
  </datafield>
  <datafield tag="653" ind1="1" ind2=" ">
    <subfield code="8">1</subfield>
    <subfield code="9">review</subfield>
    <subfield code="a">m\xc3\xa9decine nucl\xc3\xa9aire</subfield>
  </datafield>
  <datafield tag="653" ind1="1" ind2=" ">
    <subfield code="9">review</subfield>
    <subfield code="a">rayon X</subfield>
  </datafield>
  <datafield tag="653" ind1="1" ind2=" ">
    <subfield code="9">review</subfield>
    <subfield code="a">quark</subfield>
  </datafield>
  <datafield tag="653" ind1="1" ind2=" ">
    <subfield code="8">2d</subfield>
    <subfield code="9">review Mar2021</subfield>
    <subfield code="a">unique</subfield>
  </datafield>
  <datafield tag="690" ind1="C" ind2=" ">
    <subfield code="a">movingimages</subfield>
  </datafield>
  <datafield tag="690" ind1="C" ind2=" ">
    <subfield code="9">CERN QA</subfield>
    <subfield code="a">quality-controlled</subfield>
  </datafield>
  <datafield tag="690" ind1="C" ind2=" ">
    <subfield code="9">review</subfield>
    <subfield code="a">reviewed</subfield>
  </datafield>
  <datafield tag="852" ind1=" " ind2=" ">
    <subfield code="a">698</subfield>
    <subfield code="c">CM-A00000062</subfield>
    <subfield code="x">U-matic SP</subfield>
  </datafield>
  <datafield tag="852" ind1=" " ind2=" ">
    <subfield code="a">698</subfield>
    <subfield code="c">CM-A00000064</subfield>
    <subfield code="t">1</subfield>
    <subfield code="x">U-matic SP</subfield>
  </datafield>
  <datafield tag="852" ind1=" " ind2=" ">
    <subfield code="8">c</subfield>
    <subfield code="a">698</subfield>
    <subfield code="c">CM-A00000065</subfield>
    <subfield code="t">2</subfield>
    <subfield code="x">Betacam SP</subfield>
  </datafield>
  <datafield tag="852" ind1=" " ind2=" ">
    <subfield code="8">b</subfield>
    <subfield code="a">698</subfield>
    <subfield code="c">CM-A00000065</subfield>
    <subfield code="t">2</subfield>
    <subfield code="x">Betacam SP</subfield>
  </datafield>
  <datafield tag="852" ind1=" " ind2=" ">
    <subfield code="8">a</subfield>
    <subfield code="a">698</subfield>
    <subfield code="c">CM-A00000065</subfield>
    <subfield code="t">2</subfield>
    <subfield code="x">Betacam SP</subfield>
  </datafield>
  <datafield tag="852" ind1=" " ind2=" ">
    <subfield code="8">d</subfield>
    <subfield code="a">698</subfield>
    <subfield code="c">CM-A00000065</subfield>
    <subfield code="t">2</subfield>
    <subfield code="x">Betacam SP</subfield>
  </datafield>
  <datafield tag="856" ind1="4" ind2=" ">
    <subfield code="2">EOS</subfield>
    <subfield code="8">1</subfield>
    <subfield code="q">MP4</subfield>
    <subfield code="s">596670559</subfield>
    <subfield code="u">https://cern.ch/digital-memory/media-archive/video/open/mp4/2256680-1.mp4</subfield>
    <subfield code="w">(PICTURAE:MD5)ac_C1V1_2256680-1.mp4;90de172fbe6f3f3ba863965d8b234cb3</subfield>
    <subfield code="y">Video-2256680-1</subfield>
    <subfield code="z">mp4 video format (640x360)</subfield>
  </datafield>
  <datafield tag="856" ind1="4" ind2=" ">
    <subfield code="2">EOS</subfield>
    <subfield code="q">MP4</subfield>
    <subfield code="s">514568911</subfield>
    <subfield code="u">https://cern.ch/digital-memory/media-archive/video/open/mp4/2256680.mp4</subfield>
    <subfield code="w">(PICTURAE:MD5)ac_C1V1_2256680.mp4;69f6ebda8825634fa527e3fb6bb10661</subfield>
    <subfield code="y">Video-2256680</subfield>
    <subfield code="z">mp4 video format (640x360)</subfield>
  </datafield>
  <datafield tag="856" ind1="4" ind2=" ">
    <subfield code="2">EOS</subfield>
    <subfield code="8">2b</subfield>
    <subfield code="q">MP4</subfield>
    <subfield code="s">333598796</subfield>
    <subfield code="u">https://cern.ch/digital-memory/media-archive/video/open/mp4/2256680-2b.mp4</subfield>
    <subfield code="w">(PICTURAE:MD5)ac_S1V1_2256680-2b.mp4;d70d5e7b821e22bbd1719cdd0f483960</subfield>
    <subfield code="y">Video-2256680-2b</subfield>
    <subfield code="z">mp4 video format (640x360)</subfield>
  </datafield>
  <datafield tag="856" ind1="4" ind2=" ">
    <subfield code="2">EOS</subfield>
    <subfield code="8">2c</subfield>
    <subfield code="q">MP4</subfield>
    <subfield code="s">334060323</subfield>
    <subfield code="u">https://cern.ch/digital-memory/media-archive/video/open/mp4/2256680-2c.mp4</subfield>
    <subfield code="w">(PICTURAE:MD5)ac_S1V1_2256680-2c.mp4;9b5c3a257b61dc1bbd77bb158a3ddf63</subfield>
    <subfield code="y">Video-2256680-2c</subfield>
    <subfield code="z">mp4 video format (640x360)</subfield>
  </datafield>
  <datafield tag="856" ind1="4" ind2=" ">
    <subfield code="2">EOS</subfield>
    <subfield code="8">2d</subfield>
    <subfield code="q">MP4</subfield>
    <subfield code="s">107141229</subfield>
    <subfield code="u">https://cern.ch/digital-memory/media-archive/video/open/mp4/2256680-2d.mp4</subfield>
    <subfield code="w">(PICTURAE:MD5)ac_S1V1_2256680-2d.mp4;afe2913645651914b1a255419800cd91</subfield>
    <subfield code="y">Video-2256680-2d</subfield>
    <subfield code="z">mp4 video format (640x360)</subfield>
  </datafield>
  <datafield tag="856" ind1="7" ind2=" ">
    <subfield code="2">EOS</subfield>
    <subfield code="8">1</subfield>
    <subfield code="d">/eos/media/cds/public/www/digital-memory/media-archive/video/open/mkv/2256680-1.mkv</subfield>
    <subfield code="q">MKV</subfield>
    <subfield code="s">47489201328</subfield>
    <subfield code="w">(PICTURAE:MD5)pm_C1V1_2256680-1.mkv;c045196f6180ff94580077ec296b91e6</subfield>
  </datafield>
  <datafield tag="856" ind1="7" ind2=" ">
    <subfield code="2">EOS</subfield>
    <subfield code="8">1</subfield>
    <subfield code="d">/eos/media/cds/public/www/digital-memory/media-archive/video/open/mov/2256680-1.mov</subfield>
    <subfield code="q">MOV</subfield>
    <subfield code="s">14584208464</subfield>
    <subfield code="w">(PICTURAE:MD5)am_C1V1_2256680-1.mov;a985e628d00e82d676fcf88e6c7b831d</subfield>
  </datafield>
  <datafield tag="856" ind1="7" ind2=" ">
    <subfield code="2">EOS</subfield>
    <subfield code="d">/eos/media/cds/public/www/digital-memory/media-archive/video/open/mkv/2256680.mkv</subfield>
    <subfield code="q">MKV</subfield>
    <subfield code="s">45565640701</subfield>
    <subfield code="w">(PICTURAE:MD5)pm_C1V1_2256680.mkv;e2af18b4d0d54e1507ad062c31f66a8d</subfield>
  </datafield>
  <datafield tag="856" ind1="7" ind2=" ">
    <subfield code="2">EOS</subfield>
    <subfield code="d">/eos/media/cds/public/www/digital-memory/media-archive/video/open/mov/2256680.mov</subfield>
    <subfield code="q">MOV</subfield>
    <subfield code="s">12831096545</subfield>
    <subfield code="w">(PICTURAE:MD5)am_C1V1_2256680.mov;70e7dc8fb51b9b01f35ac3af493e11dc</subfield>
  </datafield>
  <datafield tag="856" ind1="7" ind2=" ">
    <subfield code="2">EOS</subfield>
    <subfield code="8">2b</subfield>
    <subfield code="d">/eos/media/cds/public/www/digital-memory/media-archive/video/open/mkv/2256680-2b.mkv</subfield>
    <subfield code="q">MKV</subfield>
    <subfield code="s">31700125787</subfield>
    <subfield code="w">(PICTURAE:MD5)pm_S1V1_2256680-2b.mkv;88ad7fbf700de5daae83d70f5dfebf5d</subfield>
  </datafield>
  <datafield tag="856" ind1="7" ind2=" ">
    <subfield code="2">EOS</subfield>
    <subfield code="8">2b</subfield>
    <subfield code="d">/eos/media/cds/public/www/digital-memory/media-archive/video/open/mov/2256680-2b.mov</subfield>
    <subfield code="q">MOV</subfield>
    <subfield code="s">8326222702</subfield>
    <subfield code="w">(PICTURAE:MD5)am_S1V1_2256680-2b.mov;5bfe37f5366f9848124c6528d755582e</subfield>
  </datafield>
  <datafield tag="856" ind1="7" ind2=" ">
    <subfield code="2">EOS</subfield>
    <subfield code="8">2c</subfield>
    <subfield code="d">/eos/media/cds/public/www/digital-memory/media-archive/video/open/mkv/2256680-2c.mkv</subfield>
    <subfield code="q">MKV</subfield>
    <subfield code="s">29898688657</subfield>
    <subfield code="w">(PICTURAE:MD5)pm_S1V1_2256680-2c.mkv;70cb42fa77258b0788cf06be81a35a7e</subfield>
  </datafield>
  <datafield tag="856" ind1="7" ind2=" ">
    <subfield code="2">EOS</subfield>
    <subfield code="8">2c</subfield>
    <subfield code="d">/eos/media/cds/public/www/digital-memory/media-archive/video/open/mov/2256680-2c.mov</subfield>
    <subfield code="q">MOV</subfield>
    <subfield code="s">8355984629</subfield>
    <subfield code="w">(PICTURAE:MD5)am_S1V1_2256680-2c.mov;5938eb9a9f6103d1bc26b034323db783</subfield>
  </datafield>
  <datafield tag="856" ind1="7" ind2=" ">
    <subfield code="2">EOS</subfield>
    <subfield code="8">2d</subfield>
    <subfield code="d">/eos/media/cds/public/www/digital-memory/media-archive/video/open/mkv/2256680-2d.mkv</subfield>
    <subfield code="q">MKV</subfield>
    <subfield code="s">10501882585</subfield>
    <subfield code="w">(PICTURAE:MD5)pm_S1V1_2256680-2d.mkv;b8c7bd985bcd5930a58ab2099865962c</subfield>
  </datafield>
  <datafield tag="856" ind1="7" ind2=" ">
    <subfield code="2">EOS</subfield>
    <subfield code="8">2d</subfield>
    <subfield code="d">/eos/media/cds/public/www/digital-memory/media-archive/video/open/mov/2256680-2d.mov</subfield>
    <subfield code="q">MOV</subfield>
    <subfield code="s">2680539631</subfield>
    <subfield code="w">(PICTURAE:MD5)am_S1V1_2256680-2d.mov;669e3eb9ce867e5f6d9b84a1254e73dc</subfield>
  </datafield>
  <datafield tag="960" ind1=" " ind2=" ">
    <subfield code="a">200</subfield>
  </datafield>
  <datafield tag="961" ind1=" " ind2=" ">
    <subfield code="a">Marina Savino</subfield>
    <subfield code="b">Curator</subfield>
    <subfield code="x">2021-03-01</subfield>
  </datafield>
  <datafield tag="963" ind1=" " ind2=" ">
    <subfield code="a">PUBLIC</subfield>
  </datafield>
  <datafield tag="963" ind1=" " ind2=" ">
    <subfield code="9">review</subfield>
    <subfield code="a">PUBLIC</subfield>
  </datafield>
  <datafield tag="963" ind1=" " ind2=" ">
    <subfield code="8">1</subfield>
    <subfield code="9">review</subfield>
    <subfield code="a">RESTRICTED</subfield>
  </datafield>
  <datafield tag="980" ind1=" " ind2=" ">
    <subfield code="a">VIDEOARC</subfield>
  </datafield>
</record>