
</collection>
<collection xmlns="http://www.loc.gov/MARC21/slim">
<record>
  <controlfield tag="001">2256651</controlfield>
  <controlfield tag="005">20230629140737.0</controlfield>
  <datafield tag="024" ind1="8" ind2=" ">
    <subfield code="a">oai:cds.cern.ch:2256651</subfield>
    <subfield code="p">cerncds:MEMORIAV</subfield>
  </datafield>
  <datafield tag="041" ind1=" " ind2=" ">
    <subfield code="9">review</subfield>
    <subfield code="a">fre</subfield>
  </datafield>
  <datafield tag="245" ind1=" " ind2=" ">
    <subfield code="a">Remise de la m\xc3\xa9daille de la ville de Gex \xc3\xa0 Georges Charpak</subfield>
  </datafield>
  <datafield tag="260" ind1=" " ind2=" ">
    <subfield code="c">1993</subfield>
  </datafield>
  <datafield tag="260" ind1=" " ind2=" ">
    <subfield code="9">review</subfield>
    <subfield code="c">1993 0</subfield>
  </datafield>
  <datafield tag="269" ind1=" " ind2=" ">
    <subfield code="c">1993-01-22</subfield>
  </datafield>
  <datafield tag="337" ind1=" " ind2=" ">
    <subfield code="a">Video</subfield>
  </datafield>
  <datafield tag="340" ind1=" " ind2=" ">
    <subfield code="a">U-matic SP</subfield>
  </datafield>
  <datafield tag="340" ind1=" " ind2=" ">
    <subfield code="a">Betacam SP</subfield>
  </datafield>
  <datafield tag="500" ind1=" " ind2=" ">
    <subfield code="a">The video was digitized from its original recording as part of the CERN Digital Memory project</subfield>
  </datafield>
  <datafield tag="500" ind1=" " ind2=" ">
    <subfield code="a">During the curation of digitized tapes and films in 2020, this record was identified with duplicated original medias.</subfield>
  </datafield>
  <datafield tag="508" ind1="1" ind2=" ">
    <subfield code="9">CERN QA</subfield>
    <subfield code="a">cern</subfield>
  </datafield>
  <datafield tag="508" ind1="1" ind2=" ">
    <subfield code="8">1a</subfield>
    <subfield code="9">CERN QA</subfield>
    <subfield code="a">cern</subfield>
  </datafield>
  <datafield tag="511" ind1=" " ind2=" ">
    <subfield code="1">Georges Charpak</subfield>
  </datafield>
  <datafield tag="511" ind1="1" ind2=" ">
    <subfield code="9">review</subfield>
    <subfield code="a">Georges Charpak</subfield>
  </datafield>
  <datafield tag="511" ind1="1" ind2=" ">
    <subfield code="8">1a</subfield>
    <subfield code="9">review</subfield>
    <subfield code="a">Georges Charpak</subfield>
  </datafield>
  <datafield tag="514" ind1=" " ind2=" ">
    <subfield code="a">Audio present but not on all channels -  No Audio Right Channel (silence) -  Noisy / Saturated audio -  Audio present but not on all channels -  Low RF, noisy picture -  No Audio Left Channel (silence) -  Low RF, noisy picture -</subfield>
  </datafield>
  <datafield tag="514" ind1=" " ind2=" ">
    <subfield code="8">1a</subfield>
    <subfield code="a">Audio present but not on all channels -  No Audio Right Channel (silence) -  Noisy / Saturated audio -</subfield>
  </datafield>
  <datafield tag="514" ind1=" " ind2=" ">
    <subfield code="8">1b</subfield>
    <subfield code="a">Audio present but not on all channels -  Low RF, noisy picture -  No Audio Left Channel (silence) -</subfield>
  </datafield>
  <datafield tag="518" ind1=" " ind2=" ">
    <subfield code="a">1993-01-22 Gex</subfield>
  </datafield>
  <datafield tag="542" ind1="1" ind2=" ">
    <subfield code="9">review</subfield>
    <subfield code="d">CERN</subfield>
    <subfield code="g">1993 0</subfield>
  </datafield>
  <datafield tag="542" ind1=" " ind2=" ">
    <subfield code="d">CERN</subfield>
  </datafield>
  <datafield tag="542" ind1=" " ind2=" ">
    <subfield code="a">Cern</subfield>
  </datafield>
  <datafield tag="583" ind1="1" ind2=" ">
    <subfield code="2">pda</subfield>
    <subfield code="3">U-Matic SP</subfield>
    <subfield code="5">SzGeCERN</subfield>
    <subfield code="6">WEEK03-public</subfield>
    <subfield code="a">digitized</subfield>
    <subfield code="b">C1V1: Composite\tSignal - U-Matic,\xc2\xa0U-Matic SP,\xc2\xa0VHS, 1 inch C, 1 inch B, Video , Betamax</subfield>
    <subfield code="c">20180216</subfield>
    <subfield code="f">CERN Digital Memory Project</subfield>
    <subfield code="f">public</subfield>
    <subfield code="i">CREATE-MARC-run20180622_170234</subfield>
    <subfield code="k">PICTURAE</subfield>
    <subfield code="u">https://cds.cern.ch/record/2257246</subfield>
    <subfield code="x">- VISUAL INSPECTION TABLE timing: from 21/11/2017 09:38 to 21/11/2017 09:38 -
 - RTI VT 3100 timing: from 21/11/2017 09:38 to 21/11/2017 09:58 -
 - MAC-V025 timing: from 12/01/2018 14:12 to 12/01/2018 15:03 -
 - MANUAL QC GEN timing: from 13/01/2018 00:19 to 13/01/2018 00:19 -
 - FILE_PRESENCE timing: from 13/01/2018 00:19 to 13/01/2018 00:19 -
 - VISUAL INSPECTION TABLE timing: from 12/02/2018 15:35 to 12/02/2018 15:35 -
 - RTI VT 4100 timing: from 12/02/2018 15:39 to 13/02/2018 13:21 -
 - MAC-V015 timing: from 14/02/2018 13:08 to 14/02/2018 15:04 -
 - MANUAL QC GEN timing: from 14/02/2018 15:04 to 14/02/2018 15:04 -
 - MANUAL QC GEN timing: from 15/02/2018 01:34 to 15/02/2018 01:34 -
 - FILE_PRESENCE timing: from 15/02/2018 01:34 to 15/02/2018 01:34 -
 - VISUAL INSPECTION TABLE timing: from 12/02/2018 15:35 to 12/02/2018 15:35 -
 - RTI VT 4100 timing: from 12/02/2018 15:39 to 12/02/2018 15:52 -
 - MAC-V011 timing: from 15/02/2018 11:29 to 15/02/2018 12:05 -
 - MANUAL QC GEN timing: from 16/02/2018 00:07 to 16/02/2018 00:07 -
 - FILE_PRESENCE timing: from 16/02/2018 00:07 to 16/02/2018 00:07 -</subfield>
    <subfield code="z">- VISUAL INSPECTION TABLE of U-Matic SP () true  - 
 - RTI VT 3100 of U-Matic SP () true  - 
 - MAC-V025 of U-Matic SP () true Low RF, noisy picture - 
 - MANUAL QC GEN of U-Matic SP () true  - 
 - FILE_PRESENCE of U-Matic SP () true  - 
 - VISUAL INSPECTION TABLE of Betacam () true  - 
 - RTI VT 4100 of Betacam () true  - 
 - MAC-V015 of Betacam () true Noisy / Saturated audio | Audio present but not on all channels | No Audio Right Channel (silence) - 
 - MANUAL QC GEN of Betacam () true  - 
 - MANUAL QC GEN of Betacam () true  - 
 - FILE_PRESENCE of Betacam () true  - 
 - VISUAL INSPECTION TABLE of Betacam () true  - 
 - RTI VT 4100 of Betacam () true  - 
 - MAC-V011 of Betacam () true Audio present but not on all channels | Low RF, noisy picture | No Audio Left Channel (silence) - 
 - MANUAL QC GEN of Betacam () true  - 
 - FILE_PRESENCE of Betacam () true  -</subfield>
  </datafield>
  <datafield tag="583" ind1="1" ind2=" ">
    <subfield code="3">U-Matic SP</subfield>
    <subfield code="b">C1V1</subfield>
    <subfield code="n">44,8733333333333</subfield>
    <subfield code="o">minutes</subfield>
    <subfield code="x">No Audio Left Channel (silence)</subfield>
  </datafield>
  <datafield tag="583" ind1="1" ind2=" ">
    <subfield code="3">Betacam</subfield>
    <subfield code="6">disks/DELIVERY66/EHD-3111</subfield>
    <subfield code="8">1a</subfield>
    <subfield code="b">S1V1</subfield>
    <subfield code="n">25,65</subfield>
    <subfield code="o">minutes</subfield>
    <subfield code="x">Noisy / Saturated audio</subfield>
  </datafield>
  <datafield tag="583" ind1="1" ind2=" ">
    <subfield code="3">Betacam</subfield>
    <subfield code="6">disks/DELIVERY66/EHD-3111</subfield>
    <subfield code="8">1b</subfield>
    <subfield code="b">S1V1</subfield>
    <subfield code="n">35,1633333333333</subfield>
    <subfield code="o">minutes</subfield>
    <subfield code="x">No Audio Left Channel (silence)</subfield>
  </datafield>
  <datafield tag="583" ind1=" " ind2=" ">
    <subfield code="a">curation</subfield>
    <subfield code="c">Decembre 2020</subfield>
    <subfield code="z">-Audio: TRUE -Video Signal: TRUE -Multiple: FALSE -Relevant to CERN: TRUE -Action required: To be removed -Duplicate: FALSE</subfield>
  </datafield>
  <datafield tag="583" ind1=" " ind2=" ">
    <subfield code="8">1a</subfield>
    <subfield code="a">curation</subfield>
    <subfield code="c">Decembre 2020</subfield>
    <subfield code="z">-Audio: TRUE -Video Signal: TRUE -Multiple: FALSE -Relevant to CERN: TRUE -Action required: To be removed -Duplicate: TRUE</subfield>
  </datafield>
  <datafield tag="583" ind1=" " ind2=" ">
    <subfield code="8">1b</subfield>
    <subfield code="a">curation</subfield>
    <subfield code="c">Decembre 2020</subfield>
    <subfield code="z">-Audio: FALSE -Video Signal: TRUE -Multiple: TRUE -Relevant to CERN: TRUE -Action required: To be removed -Duplicate: TRUE</subfield>
  </datafield>
  <datafield tag="590" ind1=" " ind2=" ">
    <subfield code="9">review</subfield>
    <subfield code="a">Remise de la m\xc3\xa9daille de la ville de Gex \xc3\xa0 Georges Charpak \xc3\xa0 l\'\xc3\xa9cole des Vertes Campagnes de Gex pour honorer ces travaux scientifiques et sa participation \xc3\xa0 la vie locale. Discours de personnalit\xc3\xa9s politiques locales</subfield>
  </datafield>
  <datafield tag="594" ind1=" " ind2=" ">
    <subfield code="9">review</subfield>
    <subfield code="a">Conference Speech</subfield>
  </datafield>
  <datafield tag="650" ind1="2" ind2="7">
    <subfield code="9">review</subfield>
    <subfield code="a">Portraits of science</subfield>
  </datafield>
  <datafield tag="653" ind1="1" ind2=" ">
    <subfield code="9">review</subfield>
    <subfield code="a">Gex</subfield>
  </datafield>
  <datafield tag="653" ind1="1" ind2=" ">
    <subfield code="9">review</subfield>
    <subfield code="a">prix Nobel</subfield>
  </datafield>
  <datafield tag="653" ind1="1" ind2=" ">
    <subfield code="9">review</subfield>
    <subfield code="a">physicien</subfield>
  </datafield>
  <datafield tag="653" ind1="1" ind2=" ">
    <subfield code="9">review</subfield>
    <subfield code="a">c\xc3\xa9r\xc3\xa9monie</subfield>
  </datafield>
  <datafield tag="653" ind1="1" ind2=" ">
    <subfield code="9">review</subfield>
    <subfield code="a">m\xc3\xa9daille</subfield>
  </datafield>
  <datafield tag="690" ind1="C" ind2=" ">
    <subfield code="a">movingimages</subfield>
  </datafield>
  <datafield tag="690" ind1="C" ind2=" ">
    <subfield code="9">CERN QA</subfield>
    <subfield code="a">quality-controlled</subfield>
  </datafield>
  <datafield tag="690" ind1="C" ind2=" ">
    <subfield code="9">review</subfield>
    <subfield code="a">reviewed</subfield>
  </datafield>
  <datafield tag="852" ind1=" " ind2=" ">
    <subfield code="a">698</subfield>
    <subfield code="c">CM-A00000062</subfield>
    <subfield code="x">U-matic SP</subfield>
  </datafield>
  <datafield tag="852" ind1=" " ind2=" ">
    <subfield code="8">a</subfield>
    <subfield code="a">698</subfield>
    <subfield code="c">CM-A00000065</subfield>
    <subfield code="t">1</subfield>
    <subfield code="x">Betacam SP</subfield>
  </datafield>
  <datafield tag="852" ind1=" " ind2=" ">
    <subfield code="8">b</subfield>
    <subfield code="a">698</subfield>
    <subfield code="c">CM-A00000065</subfield>
    <subfield code="t">1</subfield>
    <subfield code="x">Betacam SP</subfield>
  </datafield>
  <datafield tag="856" ind1="4" ind2=" ">
    <subfield code="2">EOS</subfield>
    <subfield code="q">MP4</subfield>
    <subfield code="s">425787798</subfield>
    <subfield code="u">https://cern.ch/digital-memory/media-archive/video/open/mp4/2256651.mp4</subfield>
    <subfield code="w">(PICTURAE:MD5)ac_C1V1_2256651.mp4;f2f10998db3d4b36f7cafc5088790a64</subfield>
    <subfield code="y">Video-2256651</subfield>
    <subfield code="z">mp4 video format (640x360)</subfield>
  </datafield>
  <datafield tag="856" ind1="7" ind2=" ">
    <subfield code="2">EOS</subfield>
    <subfield code="d">/eos/media/cds/public/www/digital-memory/media-archive/video/open/mkv/2256651.mkv</subfield>
    <subfield code="q">MKV</subfield>
    <subfield code="s">24310189401</subfield>
    <subfield code="w">(PICTURAE:MD5)pm_C1V1_2256651.mkv;2c1c673e5a641d779f3f5628b10b5ccc</subfield>
  </datafield>
  <datafield tag="856" ind1="7" ind2=" ">
    <subfield code="2">EOS</subfield>
    <subfield code="d">/eos/media/cds/public/www/digital-memory/media-archive/video/open/mov/2256651.mov</subfield>
    <subfield code="q">MOV</subfield>
    <subfield code="s">10459325441</subfield>
    <subfield code="w">(PICTURAE:MD5)am_C1V1_2256651.mov;9d669b63b9692c646638ef69c92c909b</subfield>
  </datafield>
  <datafield tag="960" ind1=" " ind2=" ">
    <subfield code="a">85</subfield>
  </datafield>
  <datafield tag="960" ind1=" " ind2=" ">
    <subfield code="a">200</subfield>
  </datafield>
  <datafield tag="961" ind1=" " ind2=" ">
    <subfield code="a">Marina Savino</subfield>
    <subfield code="b">Curator</subfield>
    <subfield code="x">2021-03-01</subfield>
  </datafield>
  <datafield tag="963" ind1=" " ind2=" ">
    <subfield code="a">PUBLIC</subfield>
  </datafield>
  <datafield tag="963" ind1=" " ind2=" ">
    <subfield code="9">review</subfield>
    <subfield code="a">PUBLIC</subfield>
  </datafield>
  <datafield tag="980" ind1=" " ind2=" ">
    <subfield code="a">VIDEOARC</subfield>
  </datafield>
</record>