
</collection>
<collection xmlns="http://www.loc.gov/MARC21/slim">
<record>
  <controlfield tag="001">2217074</controlfield>
  <controlfield tag="005">20210329093330.0</controlfield>
  <datafield tag="024" ind1="8" ind2=" ">
    <subfield code="a">oai:cds.cern.ch:2217074</subfield>
    <subfield code="q">cerncds:MEMORIAV</subfield>
  </datafield>
  <datafield tag="245" ind1=" " ind2=" ">
    <subfield code="a">Erasme Syst\xc3\xa8me</subfield>
  </datafield>
  <datafield tag="337" ind1=" " ind2=" ">
    <subfield code="a">Video</subfield>
  </datafield>
  <datafield tag="340" ind1=" " ind2=" ">
    <subfield code="a">U-matic</subfield>
  </datafield>
  <datafield tag="500" ind1=" " ind2=" ">
    <subfield code="a">The video was digitized from its original recording as part of the CERN Digital Memory project</subfield>
  </datafield>
  <datafield tag="500" ind1=" " ind2=" ">
    <subfield code="a">During the curation of digitized tapes and films in 2020, this record was identified with duplicated original medias.</subfield>
  </datafield>
  <datafield tag="508" ind1="1" ind2=" ">
    <subfield code="9">CERN QA</subfield>
    <subfield code="a">cern</subfield>
  </datafield>
  <datafield tag="511" ind1="1" ind2=" ">
    <subfield code="9">CERN QA</subfield>
    <subfield code="a">ouvrier</subfield>
  </datafield>
  <datafield tag="514" ind1=" " ind2=" ">
    <subfield code="a">Low audio level - poor quality - out of phase -  Magnetic tape broken -  </subfield>
  </datafield>
  <datafield tag="542" ind1=" " ind2=" ">
    <subfield code="d">CERN</subfield>
  </datafield>
  <datafield tag="542" ind1="1" ind2=" ">
    <subfield code="9">CERN QA</subfield>
    <subfield code="a"></subfield>
  </datafield>
  <datafield tag="583" ind1="1" ind2=" ">
    <subfield code="i">CREATE-MARC-run20180622_170234</subfield>
    <subfield code="a">digitized</subfield>
    <subfield code="2">pda</subfield>
    <subfield code="f">CERN Digital Memory Project</subfield>
    <subfield code="k">PICTURAE</subfield>
    <subfield code="u">https://cds.cern.ch/record/2257246</subfield>
    <subfield code="5">SzGeCERN</subfield>
    <subfield code="6">WEEK03-public</subfield>
    <subfield code="b">C1V1: Composite\tSignal - U-Matic,\xc2\xa0U-Matic SP,\xc2\xa0VHS, 1 inch C, 1 inch B, Video , Betamax </subfield>
    <subfield code="3"> U-Matic </subfield>
    <subfield code="f">public</subfield>
    <subfield code="z">
 - VISUAL INSPECTION TABLE of U-Matic () true  - 
 - RTI VT 3100 of U-Matic () true  - 
 - REJECT of U-Matic () true Magnetic tape broken - 
 - OVEN of U-Matic () true  - 
 - RTI VT 3100 of U-Matic () true  - 
 - RTI VT 3100 of U-Matic () true  - 
 - TAPE REPAIR of U-Matic () true  - 
 - RTI VT 3100 of U-Matic () true  - 
 - MAC-V025 of U-Matic () true Low audio level - poor quality - out of phase - 
 - MANUAL QC GEN of U-Matic () true  - 
 - FILE_PRESENCE of U-Matic () true  - 
      </subfield>
    <subfield code="x">
 - VISUAL INSPECTION TABLE timing: from 25/10/2017 12:24 to 25/10/2017 12:24 -
 - RTI VT 3100 timing: from 25/10/2017 12:39 to 25/10/2017 13:32 -
 - REJECT timing: from 25/10/2017 15:51 to 25/10/2017 15:51 -
 - OVEN timing: from 26/10/2017 08:41 to 27/10/2017 12:00 -
 - RTI VT 3100 timing: from 30/10/2017 10:40 to 30/10/2017 10:46 -
 - RTI VT 3100 timing: from 18/11/2017 09:57 to 18/11/2017 10:02 -
 - TAPE REPAIR timing: from 08/01/2018 16:28 to 08/01/2018 16:29 -
 - RTI VT 3100 timing: from 09/01/2018 09:16 to 09/01/2018 09:57 -
 - MAC-V025 timing: from 09/01/2018 10:14 to 09/01/2018 11:23 -
 - MANUAL QC GEN timing: from 09/01/2018 20:59 to 09/01/2018 20:59 -
 - FILE_PRESENCE timing: from 09/01/2018 20:59 to 09/01/2018 20:59 -
       </subfield>
    <subfield code="c">20180109</subfield>
  </datafield>
  <datafield tag="583" ind1=" " ind2=" ">
    <subfield code="a">curation</subfield>
    <subfield code="c">Decembre 2020</subfield>
    <subfield code="z"> -Audio:  -Video Signal: TRUE -Multiple:  -Relevant to CERN: TRUE -Action required: To be removed -Duplicate: </subfield>
  </datafield>
  <datafield tag="583" ind1="1" ind2=" ">
    <subfield code="3">U-Matic</subfield>
    <subfield code="b">C1V1</subfield>
    <subfield code="n">62</subfield>
    <subfield code="o">minutes</subfield>
    <subfield code="x">Magnetic tape broken</subfield>
  </datafield>
  <datafield tag="590" ind1=" " ind2=" ">
    <subfield code="9">CERN QA</subfield>
    <subfield code="a">execution tache sur machine</subfield>
  </datafield>
  <datafield tag="594" ind1=" " ind2=" ">
    <subfield code="9">CERN QA</subfield>
    <subfield code="a">Footage</subfield>
  </datafield>
  <datafield tag="597" ind1=" " ind2=" ">
    <subfield code="9">CERN QA</subfield>
    <subfield code="a">vid\xc3\xa9o en noir et blanc , pas de son</subfield>
  </datafield>
  <datafield tag="650" ind1="2" ind2="7">
    <subfield code="9">CERN QA</subfield>
    <subfield code="a">Machines</subfield>
  </datafield>
  <datafield tag="653" ind1="1" ind2=" ">
    <subfield code="9">CERN</subfield>
  </datafield>
  <datafield tag="653" ind1="1" ind2=" ">
    <subfield code="9">CERN QA</subfield>
    <subfield code="a">machine , test</subfield>
  </datafield>
  <datafield tag="690" ind1="C" ind2=" ">
    <subfield code="a">movingimages</subfield>
  </datafield>
  <datafield tag="690" ind1="C" ind2=" ">
    <subfield code="9">CERN QA</subfield>
    <subfield code="a">quality-controlled</subfield>
  </datafield>
  <datafield tag="852" ind1=" " ind2=" ">
    <subfield code="a">510-R-006</subfield>
    <subfield code="c">CM-A00000030</subfield>
  </datafield>
  <datafield tag="856" ind1="4" ind2=" ">
    <subfield code="2">EOS</subfield>
    <subfield code="q">MP4</subfield>
    <subfield code="u">https://cern.ch/digital-memory/media-archive/video/open/mp4/2217074.mp4</subfield>
    <subfield code="s">587590543</subfield>
    <subfield code="y">Video-2217074</subfield>
    <subfield code="z">mp4 video format (640x360)</subfield>
    <subfield code="w">(PICTURAE:MD5)ac_C1V1_2217074.mp4;01691b23e959a0c202efda530aa9da19</subfield>
  </datafield>
  <datafield tag="856" ind1="7" ind2=" ">
    <subfield code="2">EOS</subfield>
    <subfield code="q">MKV</subfield>
    <subfield code="d">/eos/media/cds/public/www/digital-memory/media-archive/video/open/mkv/2217074.mkv</subfield>
    <subfield code="s">23248292141</subfield>
    <subfield code="w">(PICTURAE:MD5)pm_C1V1_2217074.mkv;9151e6f4071828795f27e9a023b25708</subfield>
  </datafield>
  <datafield tag="856" ind1="7" ind2=" ">
    <subfield code="2">EOS</subfield>
    <subfield code="q">MOV</subfield>
    <subfield code="d">/eos/media/cds/public/www/digital-memory/media-archive/video/open/mov/2217074.mov</subfield>
    <subfield code="s">9637582294</subfield>
    <subfield code="w">(PICTURAE:MD5)am_C1V1_2217074.mov;4d8848446b2d462089315ad36aa671e5</subfield>
  </datafield>
  <datafield tag="960" ind1=" " ind2=" ">
    <subfield code="a">85</subfield>
  </datafield>
  <datafield tag="960" ind1=" " ind2=" ">
    <subfield code="a">200</subfield>
  </datafield>
  <datafield tag="961" ind1=" " ind2=" ">
    <subfield code="a">Marina Savino</subfield>
    <subfield code="b">Curator</subfield>
    <subfield code="x">2021-03-01</subfield>
  </datafield>
  <datafield tag="963" ind1=" " ind2=" ">
    <subfield code="a">PUBLIC</subfield>
  </datafield>
  <datafield tag="980" ind1=" " ind2=" ">
    <subfield code="a">VIDEOARC</subfield>
  </datafield>
</record>