
</collection>
<collection xmlns="http://www.loc.gov/MARC21/slim">
<record>
  <controlfield tag="001">2212132</controlfield>
  <controlfield tag="005">20230703100658.0</controlfield>
  <datafield tag="024" ind1="8" ind2=" ">
    <subfield code="a">oai:cds.cern.ch:2212132</subfield>
    <subfield code="q">cerncds:MEMORIAV</subfield>
  </datafield>
  <datafield tag="245" ind1=" " ind2=" ">
    <subfield code="9">review</subfield>
    <subfield code="a">LINAC / Working meeting in building 6</subfield>
  </datafield>
  <datafield tag="260" ind1=" " ind2=" ">
    <subfield code="c">1994</subfield>
  </datafield>
  <datafield tag="260" ind1=" " ind2=" ">
    <subfield code="9">review Mar2021</subfield>
    <subfield code="c">1994</subfield>
  </datafield>
  <datafield tag="269" ind1=" " ind2=" ">
    <subfield code="c">1994-04-29</subfield>
  </datafield>
  <datafield tag="300" ind1=" " ind2=" ">
    <subfield code="a">13mn+7mn</subfield>
  </datafield>
  <datafield tag="337" ind1=" " ind2=" ">
    <subfield code="a">Video</subfield>
  </datafield>
  <datafield tag="340" ind1=" " ind2=" ">
    <subfield code="a">U-matic S</subfield>
  </datafield>
  <datafield tag="500" ind1=" " ind2=" ">
    <subfield code="a">The video was digitized from its original recording as part of the CERN Digital Memory project</subfield>
  </datafield>
  <datafield tag="514" ind1=" " ind2=" ">
    <subfield code="a">Low RF, noisy picture -</subfield>
  </datafield>
  <datafield tag="520" ind1=" " ind2=" ">
    <subfield code="9">review Mar2021</subfield>
    <subfield code="a">LINAC plomb 7- Dernier morceau / working meeting Bt 6-2-008, 1994-10-20</subfield>
  </datafield>
  <datafield tag="542" ind1=" " ind2=" ">
    <subfield code="d">CERN</subfield>
  </datafield>
  <datafield tag="542" ind1="1" ind2=" ">
    <subfield code="9">review Mar2021</subfield>
    <subfield code="d">CERN</subfield>
  </datafield>
  <datafield tag="583" ind1="1" ind2=" ">
    <subfield code="2">pda</subfield>
    <subfield code="3">U-Matic S</subfield>
    <subfield code="5">SzGeCERN</subfield>
    <subfield code="6">WEEK48-public</subfield>
    <subfield code="a">digitized</subfield>
    <subfield code="b">C1V1: Composite\tSignal - U-Matic,\xc2\xa0U-Matic SP,\xc2\xa0VHS, 1 inch C, 1 inch B, Video , Betamax</subfield>
    <subfield code="c">20171122</subfield>
    <subfield code="f">CERN Digital Memory Project</subfield>
    <subfield code="f">public</subfield>
    <subfield code="i">CREATE-MARC-run20180620_1014</subfield>
    <subfield code="k">PICTURAE</subfield>
    <subfield code="u">https://cds.cern.ch/record/2257246</subfield>
    <subfield code="x">- VISUAL INSPECTION TABLE timing: from 22/11/2017 10:04 to 22/11/2017 10:04 -
 - RTI VT 3100 timing: from 22/11/2017 10:05 to 22/11/2017 10:13 -
 - MAC-V022 timing: from 22/11/2017 12:23 to 22/11/2017 12:23 -
 - MANUAL QC GEN timing: from 22/11/2017 21:16 to 22/11/2017 21:16 -
 - FILE_PRESENCE timing: from 22/11/2017 21:16 to 22/11/2017 21:16 -</subfield>
    <subfield code="z">- VISUAL INSPECTION TABLE of U-Matic S () true  - 
 - RTI VT 3100 of U-Matic S () true  - 
 - MAC-V022 of U-Matic S () true Low RF, noisy picture - 
 - MANUAL QC GEN of U-Matic S () true  - 
 - FILE_PRESENCE of U-Matic S () true  -</subfield>
  </datafield>
  <datafield tag="583" ind1="1" ind2=" ">
    <subfield code="2">pda</subfield>
    <subfield code="5">SzGeCERN</subfield>
    <subfield code="a">digitized</subfield>
    <subfield code="c">202103</subfield>
    <subfield code="f">CERN Digital Memory Project</subfield>
    <subfield code="i">OPEN-REFINE Project Mar2021 New HDD</subfield>
    <subfield code="k">PICTURAE</subfield>
    <subfield code="u">https://cds.cern.ch/record/2257246</subfield>
  </datafield>
  <datafield tag="583" ind1="1" ind2=" ">
    <subfield code="3">U-Matic S</subfield>
    <subfield code="b">C1V1</subfield>
    <subfield code="n">22,4066666666667</subfield>
    <subfield code="o">minutes</subfield>
    <subfield code="x">Low RF, noisy picture</subfield>
  </datafield>
  <datafield tag="583" ind1=" " ind2=" ">
    <subfield code="a">curation</subfield>
    <subfield code="c">Decembre 2020</subfield>
    <subfield code="z">-Audio: FALSE -Video Signal: TRUE -Multiple: TRUE -Relevant to CERN: TRUE -Duplicate: FALSE</subfield>
  </datafield>
  <datafield tag="594" ind1=" " ind2=" ">
    <subfield code="9">review Mar2021</subfield>
    <subfield code="a">Footage</subfield>
  </datafield>
  <datafield tag="650" ind1="2" ind2="7">
    <subfield code="9">review Mar2021</subfield>
    <subfield code="a">Portraits of science</subfield>
  </datafield>
  <datafield tag="653" ind1="1" ind2=" ">
    <subfield code="9">CERN</subfield>
  </datafield>
  <datafield tag="653" ind1="1" ind2=" ">
    <subfield code="9">review Mar2021</subfield>
    <subfield code="a">LINAC</subfield>
  </datafield>
  <datafield tag="690" ind1="C" ind2=" ">
    <subfield code="a">movingimages</subfield>
  </datafield>
  <datafield tag="852" ind1=" " ind2=" ">
    <subfield code="a">510-R-006</subfield>
    <subfield code="c">CM-A00000026</subfield>
  </datafield>
  <datafield tag="856" ind1="4" ind2=" ">
    <subfield code="2">EOS</subfield>
    <subfield code="q">MP4</subfield>
    <subfield code="s">212688772</subfield>
    <subfield code="u">https://cern.ch/digital-memory/media-archive/video/cern/mp4/2212132.mp4</subfield>
    <subfield code="w">(PICTURAE:MD5)ac_C1V1_2212132.mp4;4e5a93bb9d37e98ddb8a13818365a2d7</subfield>
    <subfield code="y">Video-2212132</subfield>
    <subfield code="z">mp4 video format (640x360)</subfield>
  </datafield>
  <datafield tag="856" ind1="7" ind2=" ">
    <subfield code="2">EOS</subfield>
    <subfield code="d">/eos/media/cds/public/www/digital-memory/media-archive/video/cern/mkv/2212132.mkv</subfield>
    <subfield code="q">MKV</subfield>
    <subfield code="s">18937050957</subfield>
    <subfield code="w">(PICTURAE:MD5)pm_C1V1_2212132.mkv;1906a4383c24f86308887ceb76457b8c</subfield>
  </datafield>
  <datafield tag="856" ind1="7" ind2=" ">
    <subfield code="2">EOS</subfield>
    <subfield code="d">/eos/media/cds/public/www/digital-memory/media-archive/video/cern/mov/2212132.mov</subfield>
    <subfield code="q">MOV</subfield>
    <subfield code="s">5277762715</subfield>
    <subfield code="w">(PICTURAE:MD5)am_C1V1_2212132.mov;1d1abe42e41f874fdc9b27af99752764</subfield>
  </datafield>
  <datafield tag="960" ind1=" " ind2=" ">
    <subfield code="a">85</subfield>
  </datafield>
  <datafield tag="960" ind1=" " ind2=" ">
    <subfield code="a">200</subfield>
  </datafield>
  <datafield tag="961" ind1=" " ind2=" ">
    <subfield code="a">Tom Barth\xc3\xa9l\xc3\xa9my</subfield>
    <subfield code="b">Curator</subfield>
    <subfield code="x">2021-03-01</subfield>
  </datafield>
  <datafield tag="963" ind1=" " ind2=" ">
    <subfield code="a">PUBLIC</subfield>
  </datafield>
  <datafield tag="963" ind1=" " ind2=" ">
    <subfield code="9">review</subfield>
    <subfield code="a">RESTRICTED</subfield>
  </datafield>
  <datafield tag="980" ind1=" " ind2=" ">
    <subfield code="a">VIDEOARC</subfield>
  </datafield>
</record>