
</collection>
<collection xmlns="http://www.loc.gov/MARC21/slim">
<record>
  <controlfield tag="001">2211581</controlfield>
  <controlfield tag="005">20210326220421.0</controlfield>
  <datafield tag="024" ind1="8" ind2=" ">
    <subfield code="a">oai:cds.cern.ch:2211581</subfield>
    <subfield code="q">cerncds:MEMORIAV</subfield>
  </datafield>
  <datafield tag="245" ind1=" " ind2=" ">
    <subfield code="a">1. PM415 - Arriv\xc3\xa9e d\'eau 16.02.1990</subfield>
    <subfield code="b">2. P233 + Galerie - reconnaissance ensabl\xc3\xa9e 16.02.1990 / 3. PM415 JURA - R\xc3\xa9parations du tunnel 12.10.1990</subfield>
  </datafield>
  <datafield tag="260" ind1=" " ind2=" ">
    <subfield code="b">CERN</subfield>
    <subfield code="c">1990</subfield>
  </datafield>
  <datafield tag="260" ind1=" " ind2=" ">
    <subfield code="9">review</subfield>
    <subfield code="c">1990</subfield>
  </datafield>
  <datafield tag="269" ind1=" " ind2=" ">
    <subfield code="c">1990-02-16</subfield>
  </datafield>
  <datafield tag="300" ind1=" " ind2=" ">
    <subfield code="a">3mn+10mn+7mn</subfield>
  </datafield>
  <datafield tag="337" ind1=" " ind2=" ">
    <subfield code="a">Video</subfield>
  </datafield>
  <datafield tag="340" ind1=" " ind2=" ">
    <subfield code="a">U-matic S</subfield>
  </datafield>
  <datafield tag="500" ind1=" " ind2=" ">
    <subfield code="a">The video was digitized from its original recording as part of the CERN Digital Memory project</subfield>
  </datafield>
  <datafield tag="514" ind1=" " ind2=" ">
    <subfield code="a">Audio present but not on all channels -  Binding issue - Sticky -  Low RF, noisy picture -  Video tracking issue -  </subfield>
  </datafield>
  <datafield tag="542" ind1=" " ind2=" ">
    <subfield code="d">CERN</subfield>
  </datafield>
  <datafield tag="542" ind1="1" ind2=" ">
    <subfield code="g">1990</subfield>
    <subfield code="9">review</subfield>
    <subfield code="d">CERN</subfield>
  </datafield>
  <datafield tag="583" ind1="1" ind2=" ">
    <subfield code="i">CREATE-MARC-run20180620_1030</subfield>
    <subfield code="a">digitized</subfield>
    <subfield code="2">pda</subfield>
    <subfield code="f">CERN Digital Memory Project</subfield>
    <subfield code="k">PICTURAE</subfield>
    <subfield code="u">https://cds.cern.ch/record/2257246</subfield>
    <subfield code="5">SzGeCERN</subfield>
    <subfield code="6">WEEK51-public</subfield>
    <subfield code="b">C1V1: Composite\tSignal - U-Matic,\xc2\xa0U-Matic SP,\xc2\xa0VHS, 1 inch C, 1 inch B, Video , Betamax </subfield>
    <subfield code="3"> U-Matic S </subfield>
    <subfield code="f">public</subfield>
    <subfield code="z">
 - VISUAL INSPECTION TABLE of U-Matic S () true  - 
 - RTI VT 3100 of U-Matic S () false Binding issue - Sticky - 
 - OVEN of U-Matic S () true  - 
 - RTI VT 3100 of U-Matic S () true  - 
 - MAC-V025 of U-Matic S () true Low RF, noisy picture | Video tracking issue | Audio present but not on all channels - 
 - MANUAL QC GEN of U-Matic S () true  - 
 - FILE_PRESENCE of U-Matic S () true  - 
      </subfield>
    <subfield code="x">
 - VISUAL INSPECTION TABLE timing: from 22/11/2017 15:57 to 22/11/2017 15:57 -
 - RTI VT 3100 timing: from 22/11/2017 15:57 to 22/11/2017 16:04 -
 - OVEN timing: from 22/11/2017 16:26 to 23/11/2017 16:13 -
 - RTI VT 3100 timing: from 25/11/2017 14:11 to 25/11/2017 14:33 -
 - MAC-V025 timing: from 27/11/2017 14:14 to 27/11/2017 14:37 -
 - MANUAL QC GEN timing: from 27/11/2017 20:35 to 27/11/2017 20:35 -
 - FILE_PRESENCE timing: from 27/11/2017 20:35 to 27/11/2017 20:35 -
       </subfield>
    <subfield code="c">20171127</subfield>
  </datafield>
  <datafield tag="583" ind1="1" ind2=" ">
    <subfield code="i">CREATE-MARC-run20180620_1037</subfield>
    <subfield code="a">digitized</subfield>
    <subfield code="2">pda</subfield>
    <subfield code="f">CERN Digital Memory Project</subfield>
    <subfield code="k">PICTURAE</subfield>
    <subfield code="u">https://cds.cern.ch/record/2257246</subfield>
    <subfield code="5">SzGeCERN</subfield>
    <subfield code="6">WEEK52-public</subfield>
    <subfield code="b">C1V1: Composite\tSignal - U-Matic,\xc2\xa0U-Matic SP,\xc2\xa0VHS, 1 inch C, 1 inch B, Video , Betamax </subfield>
    <subfield code="3"> U-Matic S </subfield>
    <subfield code="f">public</subfield>
    <subfield code="z">
 - VISUAL INSPECTION TABLE of U-Matic S () true  - 
 - RTI VT 3100 of U-Matic S () false Binding issue - Sticky - 
 - OVEN of U-Matic S () true  - 
 - RTI VT 3100 of U-Matic S () true  - 
 - MAC-V025 of U-Matic S () true Low RF, noisy picture | Video tracking issue | Audio present but not on all channels - 
 - MANUAL QC GEN of U-Matic S () true  - 
 - FILE_PRESENCE of U-Matic S () true  - 
      </subfield>
    <subfield code="x">
 - VISUAL INSPECTION TABLE timing: from 22/11/2017 15:57 to 22/11/2017 15:57 -
 - RTI VT 3100 timing: from 22/11/2017 15:57 to 22/11/2017 16:04 -
 - OVEN timing: from 22/11/2017 16:26 to 23/11/2017 16:13 -
 - RTI VT 3100 timing: from 25/11/2017 14:11 to 25/11/2017 14:33 -
 - MAC-V025 timing: from 27/11/2017 14:14 to 27/11/2017 14:37 -
 - MANUAL QC GEN timing: from 27/11/2017 20:35 to 27/11/2017 20:35 -
 - FILE_PRESENCE timing: from 27/11/2017 20:35 to 27/11/2017 20:35 -
       </subfield>
    <subfield code="c">20171127</subfield>
  </datafield>
  <datafield tag="590" ind1=" " ind2=" ">
    <subfield code="9">review</subfield>
    <subfield code="a">Vid\xc3\xa9o d\'une fuite d\'eau dans le tunnel du LEP + r\xc3\xa9paration de la fuite</subfield>
  </datafield>
  <datafield tag="594" ind1=" " ind2=" ">
    <subfield code="9">review</subfield>
    <subfield code="a">Footage</subfield>
  </datafield>
  <datafield tag="597" ind1=" " ind2=" ">
    <subfield code="9">review</subfield>
    <subfield code="a">pas de paroles image en noir et blanc</subfield>
  </datafield>
  <datafield tag="650" ind1="2" ind2="7">
    <subfield code="9">review</subfield>
    <subfield code="a">CERN sceneries</subfield>
  </datafield>
  <datafield tag="653" ind1="1" ind2=" ">
    <subfield code="9">review</subfield>
    <subfield code="a">LEP</subfield>
  </datafield>
  <datafield tag="653" ind1="1" ind2=" ">
    <subfield code="9">review</subfield>
    <subfield code="a">Tunnel</subfield>
  </datafield>
  <datafield tag="690" ind1="C" ind2=" ">
    <subfield code="a">movingimages</subfield>
  </datafield>
  <datafield tag="690" ind1="C" ind2=" ">
    <subfield code="9">CERN QA</subfield>
    <subfield code="a">quality-controlled</subfield>
  </datafield>
  <datafield tag="690" ind1="C" ind2=" ">
    <subfield code="9">review</subfield>
    <subfield code="a">reviewed</subfield>
  </datafield>
  <datafield tag="852" ind1=" " ind2=" ">
    <subfield code="a">510-R-006</subfield>
    <subfield code="c">CM-A00000025</subfield>
  </datafield>
  <datafield tag="856" ind1="4" ind2=" ">
    <subfield code="2">EOS</subfield>
    <subfield code="q">MP4</subfield>
    <subfield code="u">https://cern.ch/digital-memory/media-archive/video/cern/mp4/2211581.mp4</subfield>
    <subfield code="s">213829217</subfield>
    <subfield code="y">Video-2211581</subfield>
    <subfield code="z">mp4 video format (640x360)</subfield>
    <subfield code="w">(PICTURAE:MD5)ac_C1V1_2211581.mp4;344bd9fefcb11f64a6f0f20a517eed3a</subfield>
  </datafield>
  <datafield tag="856" ind1="7" ind2=" ">
    <subfield code="2">EOS</subfield>
    <subfield code="q">MKV</subfield>
    <subfield code="d">/eos/media/cds/public/www/digital-memory/media-archive/video/cern/mkv/2211581.mkv</subfield>
    <subfield code="s">10441971044</subfield>
    <subfield code="w">(PICTURAE:MD5)pm_C1V1_2211581.mkv;129a1406550e6effe9532eb64a6589a1</subfield>
  </datafield>
  <datafield tag="856" ind1="7" ind2=" ">
    <subfield code="2">EOS</subfield>
    <subfield code="q">MOV</subfield>
    <subfield code="d">/eos/media/cds/public/www/digital-memory/media-archive/video/cern/mov/2211581.mov</subfield>
    <subfield code="s">4758684861</subfield>
    <subfield code="w">(PICTURAE:MD5)am_C1V1_2211581.mov;78c58aaef7079077d7e0c1ec2142c06c</subfield>
  </datafield>
  <datafield tag="960" ind1=" " ind2=" ">
    <subfield code="a">85</subfield>
  </datafield>
  <datafield tag="960" ind1=" " ind2=" ">
    <subfield code="a">200</subfield>
  </datafield>
  <datafield tag="963" ind1=" " ind2=" ">
    <subfield code="9">review</subfield>
    <subfield code="a">RESTRICTED</subfield>
  </datafield>
  <datafield tag="980" ind1=" " ind2=" ">
    <subfield code="a">VIDEOARC</subfield>
  </datafield>
</record>